1416 2480
277 145 423 184 mum
446 140 699 190 QUARTUS,
749 139 857 176 CAP.
881 138 946 176 6ο,
1129 144 1199 189 ²⁵3.

18 242 235 288 vendidit.
293 239 395 282 Nisi
424 237 544 281 forte
569 234 862 290 existimatis,
901 239 1198 290 posteaquam

18 301 192 349 iudicia
215 312 370 342 severa
392 295 565 338 Romae
598 292 694 334 ficri
720 290 958 344 desierint,
996 289 1199 332 Graecos

20 357 230 401 homines
261 354 373 395 haec
408 350 640 393 venditare
679 347 903 404 coepisse,
950 360 1066 403 quae
1095 352 1198 388 tum

24 430 119 457 non
146 410 285 456 modo
301 424 396 453 non
413 406 728 460 venditabant,
766 417 908 459 quum
935 402 1101 444 iudicia
1120 402 1201 445 fie-

22 471 157 525 bant,
183 478 352 511 'verum
381 464 517 506 etiam
543 461 831 504 coemebant:
870 466 981 500 aut¹
1011 458 1096 500 nisi
1128 474 1200 501 ar-

22 524 281 580 bitramini,
318 522 374 565 L.
395 521 581 573 Crasso,
619 518 673 566 Q.
694 516 961 571 Scaevolae,
991 514 1042 556 C.
1064 515 1202 558 Clau·-

22 583 123 637 dio,
155 577 478 640 potentissimis
505 571 790 626 hominibus,
829 587 1026 627 quorum
1046 571 1204 614 aedili-

24 647 134 681 tates
165 635 472 680 ornatissimas
490 631 708 683 vidimtm,
742 628 1071 669 commercium
1099 628 1206 671 ista-

25 709 128 737 rum
145 707 303 738 rerum
323 706 425 732 cum
446 686 631 730 Graecis
651 683 911 726 hominibus
930 699 1025 725 non
1044 683 1207 729 fuisse:

27 752 103 806 iis,
143 750 219 808 qui
245 755 348 806 post
374 745 649 788 iudiciorum
677 739 1021 782 dissolutionem
1037 748 1055 771 2
1082 740 1206 783 aedi-

26 807 88 849 les
114 805 224 849 facti
253 811 382 858 sunt,
419 801 568 843 fuisse.
627 795 925 839 Acerbiorem
954 796 1092 838 etiam
1118 799 1207 841 sci-

28 871 120 905 tote
148 864 239 904 esse
271 858 525 902 civitatibus
544 854 704 897 falsam
723 853 853 894 istam
874 860 919 893 et
944 852 1207 897 simulatam

27 919 332 976 emptionem,
370 928 505 972 quam
531 912 567 954 si
598 911 696 967 quis
718 909 835 950 clam
858 909 1098 965 surripiat,
1126 921 1208 955 aut

29 976 196 1033 eripiat
224 973 402 1032 palam,
447 978 579 1026 atque
609 965 797 1008 auferat.
854 963 975 1006 Nam
1007 966 1208 1030 turpitu-

29 1032 185 1074 dinem
198 1043 428 1073 summam
447 1042 538 1068 esse
559 1023 860 1076 arbitrantur,
901 1020 1067 1064 referri
1082 1038 1131 1064 m
1151 1023 1208 1065 li-

32 1096 147 1129 teras
173 1085 400 1144 publicas,
436 1081 584 1141 pretio
613 1078 854 1140 adductam
882 1077 1136 1135 civitatem,
1165 1090 1212 1124 et

65 1143 180 1186 retio
208 1156 375 1198 parVO,
423 1156 498 1194 ea,
546 1151 658 1193 quae
678 1141 942 1190 accepisset
971 1148 995 1175 a
1024 1136 1212 1179 maiori-

32 1159 140 1255 Rus,
169 1197 421 1242 vendidisse
444 1203 575 1251 atque
598 1192 855 1234 alienasse-³
919 1189 1105 1252 Etenim
1124 1194 1213 1235 mi..

33 1256 229 1297 randum
255 1253 302 1295 in
338 1252 527 1295 modum
561 1247 726 1291 Graeci
762 1246 898 1288 rebus
934 1247 1052 1303 lstis‚
1098 1264 1209 1306 quas

34 1327 116 1354 nos
142 1311 498 1364 contemnimus,
534 1307 829 1348 delectantur.
889 1302 1044 1359 Itaque
1067 1306 1211 1348 maio-

34 1383 106 1410 res
132 1366 278 1409 nostri
304 1365 435 1408 facile
464 1362 772 1421 patiebantur,
804 1359 922 1402 «haec
941 1365 1048 1410 :esse
1074 1377 1214 1418 quam

40 1424 235 1481 plurima
263 1422 382 1487 apud
410 1422 578 1474 socios,
616 1424 668 1459 ut
683 1415 877 1471 imperio
895 1423 1054 1459 nostro
1103 1433 1214 1461 uam

37 1480 310 1523 ornatissiml
339 1475 734 1530 florentissimique
772 1479 941 1514 essent:
986 1488 1075 1531 apu
1136 1490 1213 1517 eos

37 1545 213 1592 autem,
253 1551 363 1593 quos
394 1532 632 1590 vectigales
656 1537 732 1571 aut
751 1528 1067 1586 stipendiarios
1094 1529 1215 1573 fece-

40 1600 164 1648 rant,
200 1599 355 1634 tamen
383 1591 492 1633 haec
520 1586 860 1644 relinquebant,
901 1593 950 1626 ut
978 1586 1067 1643 issi,
1143 1589 1214 1630 ui-

42 1649 125 1691 bus
153 1664 205 1690 ea
230 1648 426 1690 iucunda
455 1653 582 1702 sunt,
620 1658 731 1700 quae
760 1642 891 1684 'nobis
918 1642 1034 1685 levia
1057 1604 1215 1686 vhilen·

45 1712 141 1758 tur,
164 1708 187 1732 ⁴
230 1703 451 1745 haberent
487 1703 596 1743 haec
627 1699 956 1741 oblectamenta
983 1708 1027 1741 et
1055 1700 1214 1742 solatia

43 1760 281 1802 .ervitutis.
368 1759 488 1810 Quid
519 1754 804 1798 arbitramini
831 1753 1090 1812 Rheginos,
1137 1758 1217 1813 qui

45 1818 132 1858 iam
160 1817 279 1858 cives
304 1815 501 1857 Romani
531 1820 656 1867 sunt,
701 1824 875 1853 merere
905 1811 1044 1868 velle,
1080 1820 1133 1854 ut
1160 1812 1217 1854 ab

44 1873 107 1914 e's
133 1886 393 1914 marmorea
417 1871 569 1913 venus
598 1868 677 1911 issa
696 1861 963 1910 aut'erauw?
998 1869 1110 1926 quid
1127 1868 1219 1911 Ta-

95 2056 136 2101 ¹)
165 2065 230 2092 aut
249 2069 269 2090 e
285 2054 402 2090 codd.
422 2055 516 2102 Reg.
537 2064 574 2089 ec
598 2053 730 2102 Gueff.
760 2054 809 2090 ab
828 2052 1012 2090 Ernestio
1032 2060 1224 2100 receptum

47 2102 266 2136 vraeeunde
285 2104 470 2139 Graevio.

96 2153 132 2189 2)
163 2149 225 2183 Sic
255 2148 350 2183 Em.
383 2161 403 2180 a
431 2146 562 2191 Guelf,
616 2147 741 2195 Vulgo
772 2146 1053 2184 diuoimioneu.

94 2197 136 2241 3)
164 2194 338 2230 Lambin.
361 2192 603 2231 abalienat.

97 2248 134 2284 ί.)
161 2241 224 2276 Sic
245 2241 339 2274 Em.
364 2253 382 2272 e
405 2241 501 2284 (Uss-
531 2239 662 2286 Gueff.
716 2240 842 2287 Vulgo
864 2238 1070 2278 videantur,
