1420 2491
141 161 186 199 52
231 126 234 129 ’
465 147 525 185 IN
550 144 760 183 VERREM
822 146 939 183 Ac'r.
963 147 1014 182 11.

149 246 227 291 sed
253 259 311 288 ne
339 240 654 285 subscribendi
685 241 893 298 quidem,
937 254 1080 298 quum
1103 240 1151 284 id
1179 245 1336 300 postuJ

152 305 294 356 laret,
330 301 534 343 facerent
564 306 849 356 potestatem.
919 298 973 340 ln
1001 298 1204 341 Siciliam
1231 314 1335 342 sum

156 356 417 415 inquirendi
445 370 577 397 causa
605 354 851 412 profectus.
938 354 1042 410 Quo
1073 355 1121 396 in
1150 355 1335 412 negotio

158 414 431 459 industriam
456 426 607 453 meam
627 411 831 453 celeritas
851 411 1110 466 reditionis,
1142 411 1338 468 diligen-

160 473 274 515 tiam
301 468 547 512 multitudo
579 468 815 510 literarum
853 476 897 510 et
922 467 1108 509 testium
1137 468 1343 511 declara·
1384 477 1388 482 ’

159 529 257 584 vit,
321 526 549 584 pudorem
586 539 693 566 vero
740 539 791 565 ac
821 525 1128 580 religionem,
1190 525 1338 582 quod,

161 599 305 643 quum
326 583 546 625 venissem
557 588 740 623 senator
754 581 809 623 ad
831 581 972 623 socios
991 581 1151 637 populi
1168 580 1341 623 Roma-

163 643 236 697 ni,
274 640 349 698 qui
380 640 428 681 in
456 654 508 680 ea
536 638 770 694 provincia
798 645 1007 695 quaestor
1031 637 1241 693 fuissem,
1281 637 1341 680 ad

163 698 366 755 hospites
399 710 523 737 meos
542 709 591 735 ac
611 694 887 736 necessarios
908 708 1064 735 causae
1085 694 1341 737 communis

166 755 380 797 defunsor
409 750 613 793 deverti¹
657 751 830 807 potius,
871 766 1007 807 quain
1039 751 1094 791 ad
1125 767 1222 806 eos,
1262 751 1342 808 qui

169 826 195 853 a
223 825 297 852 me
325 808 549 850 auxilium
568 808 840 865 petivissent.
899 806 1087 849 Nemini
1115 821 1243 848 meus
1263 807 1341 850 ad-

166 875 328 909 ventus
347 865 508 918 labori,
537 872 615 906 aut
633 864 851 919 sumptui,
870 878 1014 919 neque
1037 864 1233 920 publice,
1260 879 1342 906 116-

168 938 256 980 que
285 921 523 979 privatim,
560 920 660 961 fuit.
731 919 843 960 Vim
872 919 921 960 in
943 920 1216 975 inquii-endo
1242 928 1343 963 tan-

168 988 264 1022 tam
302 976 463 1032 habui,
510 984 724 1033 quantam
760 975 876 1016 mihi
910 975 988 1016 lex
1025 975 1190 1032 dabat,
1244 992 1340 1018 non

169 1043 386 1092 quantam
408 1033 574 1075 habere
590 1040 800 1090 poteram
817 1032 1011 1074 istorum
1029 1032 1202 1090 studio,
1229 1047 1342 1089 quos

168 1093 253 1135 iste
290 1097 491 1135 vexarat.

281 1202 389 1246 VII.
424 1202 621 1243 Romam
648 1208 701 1242 nt
727 1216 787 1243 ex
815 1200 968 1243 Sicilia
999 1201 1143 1258 redii,
1201 1216 1343 1258 quum

167 1263 278 1316 iste,
316 1267 448 1315 atque
477 1257 604 1299 istius
633 1258 790 1312 amici,
828 1257 1033 1299 homines
1061 1258 1172 1300 lauti
1195 1266 1239 1300 et
1265 1273 1343 1299 ur-

170 1317 302 1371 bani,
329 1330 559 1357 sermones
579 1314 892 1356 huiuscemodi
912 1314 1221 1371 dissipassent,
1252 1329 1343 1370 quo

172 1374 346 1417 animos
372 1372 556 1413 testium
587 1374 902 1425 retardarent,
961 1386 1032 1412 me
1071 1385 1237 1428 magna
1263 1385 1344 1428 pe-

174 1430 309 1473 cunia
328 1444 351 1469 a
370 1443 474 1469 vera
503 1428 786 1469 accusatione
808 1442 899 1468 esse
920 1427 1192 1483 deductum,
1227 1436 1343 1470 tam-

174 1487 257 1529 etsi
302 1484 581 1542 probabatur
604 1490 626 1511 2
682 1484 887 1539 nemini,
947 1486 1066 1539 qnod
1097 1493 1140 1525 et
1181 1499 1239 1527 ex
1274 1484 1344 1526 Si·-

173 1544 277 1585 cilia
314 1550 449 1583 testes
486 1549 614 1582 erant
652 1540 706 1595 ii,
752 1541 828 1597 qui
897 1548 1149 1582 uaestorem
1182 1556 1257 1583 me
1294 1541 1345 1584 in

171 1598 407 1658 provincia
435 1605 763 1654 cognoverant,
809 1606 852 1638 et
898 1598 986 1638 linc
1016 1597 1223 1640 homines
1249 1611 1346 1640 ma-

170 1655 296 1698 xime
324 1653 544 1708 illustres,
580 1654 678 1709 qui,
718 1661 769 1694 ut
796 1653 882 1709 ipsi
900 1654 997 1695 noti
1016 1662 1145 1709 sunt,
1183 1653 1245 1696 sic
1263 1669 1352 1696 no·-

169 1721 316 1755 strum
346 1725 718 1766 unumquemque
752 1711 923 1766 optime
951 1707 1146 1753 ndiunt:
1191 1717 1345 1753 tamen

170 1784 311 1825 usque
342 1783 394 1808 eo
422 1766 578 1822 timui,
616 1782 672 1808 ne
703 1767 800 1822 quis
821 1766 875 1808 de
898 1781 999 1808 mea
1016 1766 1111 1808 fida·
1125 1775 1259 1824 atque
1276 1767 1346 1808 in-

168 1826 378 1882 tegritate
407 1823 657 1879 dubitaret,
695 1823 840 1864 donec
872 1823 926 1864 ad
956 1823 1248 1866 reiiciendos3
1275 1822 1374 1865 ius

168 1882 290 1924 dices
318 1880 539 1923 venimus.
600 1879 809 1922 Sciebam
829 1880 878 1922 in
898 1880 1189 1922 reiiciendis⁴
1228 1878 1347 1922 iudi-

313 2008 335 2028 D

213 2046 246 2084 ι)
275 2043 336 2077 Sic
358 2041 534 2076 Lambin.
567 2053 587 2072 e
619 2039 733 2074 codd.
756 2040 897 2087 {Vulgo
931 2038 1082 2074 diverti.
1117 2038 1345 2074 Lambinum

167 2095 287 2123 secuti
317 2099 408 2122 suut
431 2086 521 2120 edd.
543 2088 793 2132 posteriores.

207 2140 244 2175 2)
271 2135 364 2168 Era.
397 2138 499 2167 coni.
523 2131 774 2180 probabantur
791 2133 878 2167 scil.
911 2144 1120 2167 sermones.

205 2187 243 2221 3)
271 2179 496 2214 reiicinndos
517 2188 597 2212 vec.
615 2178 702 2211 cod.
728 2179 906 2213 Lambm.

198 2231 236 2270 Ἀρ)
265 2224 478 2260 reiiciundis
506 2224 567 2258 ed.
595 2227 741 2259 Graev-
