1431 2481
211 189 279 227 2¹4
509 182 566 217 IN
589 182 793 218 VERREM
853 183 962 217 ACT.
990 183 1039 216 11.

244 290 321 329 ue,
352 289 464 330 quae
490 283 757 317 ornamento
776 275 879 317 urbi
903 290 993 318 esse
1025 281 1230 332 possent,
1257 273 1374 315 Kar-

211 331 444 387 maginem
471 338 575 372 sunt
603 346 660 372 ex
695 331 774 373 illo
806 331 908 373 loco
945 332 1191 388 deportata.
1273 329 1376 371 Fuit

215 386 334 443 apud
360 386 624 442 Segestanos
653 402 711 428 ex
739 401 840 428 aere
871 388 1165 430 simulacrum
1185 386 1376 441 Dianae,

215 458 355 499 quum
392 458 567 484 summa
602 451 733 500 atque
771 443 1079 500 antiquissima
1121 441 1378 499 praeditum

213 498 448 554 religione,
474 507 573 540 tum
590 498 808 554 singulari
827 514 853 539 o
888 513 960 540 ere
980 500 1257 556 artificioque
1276 512 1380 554 per·

212 553 398 596 fecium.
435 555 538 606 Hoc
557 555 826 596 translatum
891 555 1194 612 arthaginem,
1226 554 1379 596 locum

215 619 391 652 tantum
413 610 705 666 hominesque
731 618 950 652 mutarat:
986 610 1254 667 religionem
1282 609 1378 666 qui·
1416 643 1420 646 .

216 667 320 708 dem
339 667 575 723 pristinam
596 665 896 708 conservabat.
943 667 1061 708 Nam
1082 675 1268 723 propter
1287 664 1381 708 exi-

215 723 356 765 miam
385 722 794 779 pulchritudinem,
832 722 966 764 etiam
998 723 1198 764 hostibus
1228 722 1380 778 digna,

219 793 354 837 quam
384 779 658 820 sanctissime
688 780 910 833 celerent,
953 778 1198 820 videbatur.
1283 778 1381 820 Ali-

220 843 329 892 quot
355 834 540 876 saeculis
567 842 691 890 post,
719 835 769 877 P.
791 834 942 891 Scipio
961 834 1080 876 bello
1100 834 1272 876 Punico
1293 841 1383 875 ter·

218 891 282 933 tio
302 890 631 944 Karthaginem
658 892 798 947 cepit:
837 905 923 945 qua
942 891 990 931 in
1006 890 1191 932 victoria
1211 886 1380 949 (videte

218 946 415 988 hominis
441 946 656 988 virtutem
685 955 729 989 et
752 948 1056 1003 diligentiam,
1093 954 1141 987 ut
1165 953 1210 988 et
1229 947 1383 987 dome-

219 1003 339 1045 sticis
359 1002 736 1060 praeclarissimae
757 1003 934 1045 virtutis
954 1001 1383 1058 exemplisgaudea-

218 1060 299 1114 tis,
345 1067 390 1102 et
417 1073 470 1101 eo
498 1060 667 1101 maiore
696 1060 798 1101 odio
825 1058 1008 1116 dignam
1036 1059 1162 1100 istius
1189 1057 1383 1108 incredi-

217 1115 353 1157 bilem
393 1114 624 1158 audaciam
658 1114 888 1173 iudicetis)
940 1114 1194 1157 convocatis
1221 1113 1382 1156 Siculis

220 1171 452 1227 omnibus,
490 1172 609 1228 quod
639 1171 885 1214 diutissime
912 1171 1251 1227 saepissimeque
1271 1169 1384 1211 Sici-

216 1225 321 1269 liam
356 1236 566 1270 vexatam
602 1243 626 1270 a
655 1226 1102 1283 Karthaginiensibus
1140 1233 1381 1282 cognorat,

217 1283 341 1326 iubet
361 1284 513 1326 omnia
534 1285 759 1340 conquiri:
794 1282 1061 1339 pollicetur,
1086 1281 1170 1323 sibi
1191 1296 1380 1337 magnae

221 1354 354 1380 curae
381 1340 503 1395 fore,
538 1347 591 1381 ut
617 1340 768 1381 omnia
787 1337 1064 1393 civitatibus,
1104 1352 1216 1394 quae
1235 1336 1384 1379 cuius-

219 1410 306 1452 que
334 1395 545 1452 fuissent,
582 1396 940 1437 restituerentur.
996 1393 1119 1435 Tum
1137 1393 1238 1450 illa,
1267 1408 1380 1450 quae

219 1452 448 1508 quondam
477 1451 655 1493 fuerant
681 1452 871 1492 Himera
900 1449 1097 1506 sublata,
1135 1450 1189 1491 de
1221 1450 1382 1507 quibus

219 1515 349 1549 antea
377 1507 495 1563 dixi,
543 1507 850 1549 Thermitanis
887 1513 992 1548 sunt
1027 1506 1238 1563 reddita3
1281 1514 1382 1548 tum

177 1611 180 1614 Δ
216 1563 304 1605 alia
335 1563 624 1619 Gelensibus,
665 1563 750 1604 alia
769 1562 1100 1619 Agrigentinis,
1143 1562 1192 1604 in
1220 1561 1383 1620 quibus

175 1629 180 1635 ¹
220 1620 458 1663 etiamille
487 1619 647 1662 nobilis
677 1628 854 1673 taurus,
893 1632 1025 1674 quem
1050 1618 1383 1660 crudelissimus

220 1677 424 1718 omnium
459 1684 761 1732 tyrannorum
792 1674 994 1717 Phalaris
1031 1673 1235 1716 habuisse
1273 1673 1382 1715 dici'-

218 1739 318 1788 tur,
349 1747 438 1789 quo
455 1734 602 1788 vivos,
631 1731 839 1788 supplicii
858 1746 1012 1784 causa,
1041 1730 1279 1772 demittere
1301 1729 1383 1771 ho·-

218 1788 386 1844 mines,
424 1797 467 1830 et
495 1789 711 1830 subiicere
741 1786 972 1829 flammam
992 1786 1175 1828 solebat.
1233 1785 1381 1841 Quem

218 1850 402 1886 taurum
440 1845 590 1901 Scipio
628 1859 763 1901 quum
807 1841 1380 1898 redderemAgrigentinis,

220 1899 385 1941 dixisse
422 1901 611 1943 dicitur:
660 1915 851 1956 aequum
890 1913 982 1941 esse
1020 1898 1121 1939 illos
1160 1897 1382 1953 cogitare,

217 1963 373 1998 utrum
402 1965 514 1999 esset
543 1957 702 1998 Siculis
726 1963 743 1985 1
793 1955 970 2010 utilius,
1018 1953 1165 1996 suisne
1192 1953 1381 2008 servire,

219 2025 277 2052 an
303 2013 475 2069 populo
498 2012 707 2055 Romano
729 2012 1065 2069 obtemperare3
1100 2024 1240 2068 quum
1259 2009 1380 2052 idem

260 2207 301 2252 1)
327 2206 412 2240 cod.
437 2208 571 2242 Lamb.
593 2206 850 2254 Agrigentinis.
883 2207 1090 2241 Garama.
1116 2214 1310 2251 utrumque
1329 2216 1378 2237 ex

209 2252 406 2298 glossema
435 2266 514 2288 esse
532 2264 676 2289 censet.-
709 2263 745 2288 σι
763 2251 962 2300 legendum
984 2261 1104 2286 utrum
1126 2260 1223 2296 esset
1240 2249 1378 2285 utilius.
