1416 2480
686 52 691 68 Ι

1143 82 1161 91 x

472 144 797 183 SUMMARIUM„
1180 155 1198 178 ι
1205 155 1222 180 ι

56 260 218 300 quoque
243 252 451 286 senatores
481 245 525 282 in
549 242 692 281 Sicilia
728 243 898 281 summis
929 243 1095 282 iniuriis
1124 241 1225 281 affe-

57 322 142 353 ctos
170 328 255 353 esse
283 314 403 353 docet
434 326 466 350 c.
486 313 554 350 41.
618 311 791 356 Similes,
808 311 989 350 iniuriae
1016 311 1059 350 in
1089 309 1225 350 Ther-

56 384 256 430 minuma,
301 382 347 420 in
368 379 579 419 Ennenses
610 392 644 417 c.
668 380 733 418 42.
760 381 805 417 in
828 379 1081 428 Calactinos,
1129 379 1227 417 Mu-'

55 456 267 502 tyeenscs,
295 447 521 501 Hyblenses
552 447 735 499 aliosque
769 447 956 486 civitates
987 460 1224 485 memoran-

54 524 136 557 tur.
166 530 199 555 c.
221 517 287 556 43.
347 515 562 568 Copiosius
585 514 734 553 deinde
761 520 952 553 versatur
978 511 1227 552 in'demon-¹

52 573 222 624 stranda
249 583 422 623 immani
449 582 602 634 praeda
645 596 696 620 ex
724 581 992 621 Aetnensium
1021 595 1054 619 c.
1074 584 1140 620 44.
1159 581 1226 620 45.

55 658 95 696 et
115 651 414 692 Leontinorum
435 664 531 703 agro
558 657 677 702 capta
699 664 731 687 c.
752 649 930 701 ‘'*5-49-
989 648 1131 700 Itaque
1149 657 1230 688 vii-⁴

54 733 152 757 nam
179 731 266 759 esse
284 717 426 758 Verris
454 718 762 770 gloriationem,
807 730 850 755 se
867 717 1058 755 decumas
1079 730 1227 770 magno

55 786 307 834 vendidisse,
337 799 464 836 quum
487 786 541 823 sit
562 785 826 837 perspicuum
846 799 938 822 eum
961 786 1069 823 bona
1087 785 1228 823 sortu-

57 867 212 904 nasque
225 859 437 892 aratorum
458 868 539 891 non
562 853 708 905 populi
720 853 906 901 Romani,
925 853 996 890 sed
1015 854 1077 892 sui
1099 867 1229 904 quae-
1255 873 1258 877 ⁴

58 928 145 959 stus
173 934 294 961 causa
320 920 568 960 vendidisse.
599 935 631 958 c.
653 921 717 960 50.
796 919 900 958 Nam
929 919 1070 972 vagrum
1100 921 1229 959 decu-

59 1003 228 1028 manum
257 994 429 1041 propter
463 989 582 1026 istius
620 988 837 1026 avaritiam
874 987 1082 1026 desertum
1120 994 1231 1039 esse,'

59 1062 242 1095 aratores
269 1056 522 1108 profugisse,
569 1070 601 1094 c.
631 1056 694 1094 51.
717 1055 781 1095 52.
809 1062 851 1094 et
877 1056 947 1107 qui
979 1057 1228 1107 manserint,

61 1121 181 1176 (quae
203 1123 279 1162 vix
297 1124 456 1162 decima
473 1138 566 1175 pars
587 1124 716 1162 suerit
741 1121 968 1172 aratorum)
994 1123 1104 1174 ipsos
1124 1138 1231 1175 quo-

60 1204 137 1242 que
165 1204 282 1244 agros
311 1190 529 1229 relicturos
559 1192 708 1239 fuisse,
745 1191 827 1228 nisi
846 1190 987 1229 Verris
1020 1205 1233 1235 successor,

62 1258 106 1297 L.
127 1258 317 1298 Metellus
349 1259 490 1297 literas
511 1259 639 1298 Roma
668 1259 865 1306 misisset,
905 1259 1054 1310 quibus
1082 1273 1124 1297 se
1156 1261 1232 1299 de-

65 1341 204 1366 cumas
222 1326 445 1366 Hieronica
472 1328 559 1380 lege
587 1327 855 1366 venditurum
877 1327 1132 1377 ostenderet,
1162 1327 1234 1366 Si-‘

66 1395 281 1446 culosque,
320 1401 368 1436 ut
401 1409 523 1446 quam
553 1396 781 1448 plurimum
810 1400 1015 1443 sererent,
1054 1402 1233 1447 rogaret.

65 1462 163 1501 Eius
189 1463 253 1500 rei
280 1476 401 1503 causa
419 1464 649 1502 recitantur
666 1464 810 1501 literae
837 1477 860 1499 a
882 1462 1047 1500 Metello
1076 1464 1127 1501 ad
1158 1464 1236 1503 Cn.'

67 1528 313 1581 Pompeium
331 1536 373 1568 et
391 1530 443 1568 M.
464 1529 669 1580 Crassum,
697 1530 749 1569 ad
771 1529 824 1568 M.
845 1529 1091 1568 Mummium
1110 1535 1236 1583 p1·ae-'
1290 1526 1294 1530 ¹

69 1603 201 1635 torem
228 1603 270 1635 et
300 1598 352 1635 ad
379 1605 614 1649 quaestores
650 1598 766 1637 urbis
801 1598 949 1636 missae
985 1611 1018 1635 c.
1039 1597 1236 1640 53-55.·

23 1697 33 1702 ,
68 1662 245 1705 Tantam
264 1678 363 1703 vero
382 1667 646 1704 acerbitatem
665 1665 820 1714 Verris,
852 1671 1013 1703 tantum
1033 1667 1163 1704 scelus
1185 1667 1236 1706 in*

69 1737 251 1771 aratores
269 1733 415 1781 fuisse,
445 1740 492 1771 ut
509 1733 696 1772 homines
718 1740 889 1785 propter
908 1733 1082 1771 iniurias
1102 1735 1237 1772 licen-

68 1799 253 1850 tiamque
286 1798 610 1840 decumanorum
644 1807 819 1839 mortem
854 1800 933 1838 sibi
966 1801 1048 1852 ipsi
1077 1803 1239 1841 cousci-

73 1867 212 1904 verint
229 1881 262 1906 c.
284 1867 348 1906 56.
386 1867 525 1920 Ipsum
547 1861 645 1907 vero
667 1868 896 1920 Apronium
915 1869 1099 1920 aliosque
1117 1883 1251 1921 saepe-¹

76 1930 314 1984 dictitasse,
367 1949 620 1988 perparvum
657 1950 709 1974 ex
750 1937 986 1989 ingentibus
1022 1937 1148 1975 lucris
1186 1937 1240 1977 ad

78 2011 184 2048 sese,
217 2001 447 2052 plurimum
475 2004 527 2041 ad
554 2004 791 2043 Praetorem
813 2005 1051 2055 pervenisse
1076 2019 1108 2043 0.
1130 2005 1239 2055 57—-

80 2065 210 2105 —62
267 2067 391 2109 Cuius
419 2071 481 2108 rei
508 2085 663 2110 novum
692 2079 977 2125 argumentum
1008 2073 1127 2110 affert
1147 2072 1245 2122 hoc,'

79 2135 189 2185 quod
215 2137 300 2189 agri
320 2136 512 2178 Leontini
541 2140 732 2178 decumas
762 2155 889 2192 quum
908 2140 1040 2192 pluris
1059 2141 1241 2179 vendere

78 2209 235 2254 posset,
279 2205 465 2246 noluerit
489 2214 629 2248 tamen
662 2208 729 2249 hia
765 2208 957 2251 addicere
987 2208 1059 2264 qui
1097 2215 1242 2249 contra
