1431 2481
217 130 282 175 195
544 133 607 170 m
633 134 838 174 VERREM
874 142 987 184 scr.
1011 145 1062 182 11.

212 229 555 277 gutulum-esse
592 235 661 285 te,
705 230 878 276 homini
909 236 1124 299 honesto,
1172 245 1250 287 sed
1287 264 1381 294 non

214 279 493 335 gratiosiori,
531 298 663 339 quam
687 285 767 328 Cn.
798 290 995 336 Calidius
1017 306 1106 352 est,
1133 299 1190 342 L.
1211 301 1379 349 Cor-dio

212 332 451 392 Argentum
504 355 553 381 er
570 340 881 404 Potamonem,
912 351 1107 396 amicum
1127 363 1258 400 tuum
1279 362 1382 404 red-

209 389 391 433 didisse.
496 396 538 437 ui
568 397 749 453 quidem
775 411 1031 451 ceterorum
1049 424 1228 455 causam
1259 420 1380 474 apud

216 454 257 488 te
285 447 589 495 difficiliorem
619 453 741 497 fecit.
797 459 917 504 Nam
945 479 1085 520 quum
1111 476 1155 511 te
1175 475 1380 531 complu·-

208 502 332 545 ribus
371 507 680 552 confirmasses
714 513 1030 577 redditurum,
1084 534 1379 586 posteaquam

211 558 404 603 Gordius
434 580 517 619 pro
554 566 812 612 testimonio
853 573 990 633 dixit,
1042 588 1085 622 te
1116 582 1197 625 sibi
1228 585 1378 629 reddi-

210 614 350 672 disse,
388 618 524 661 finem
552 622 769 666 reddendi
799 626 966 674 fecisti:
1006 638 1123 691 quod
1152 639 1377 685 intellexi-

204 672 284 728 sti,
323 680 390 730 te,
427 677 593 732 praeda
622 679 674 720 de
701 683 907 727 manibus
945 693 1127 747 amissa,
1173 699 1374 742 testimo-

202 725 329 770 nium
357 738 510 773 tamen
537 733 732 793 effugere
759 754 853 781 non
876 757 1021 798 posse.
1080 750 1160 792 Cn.
1183 752 1372 811 Calidio,

202 785 342 840 equiti
361 786 594 843 Romano,
646 805 715 833 Jer
742 809 896 839 omnes
925 800 1034 845 alios
1058 815 1288 861 praetores
1319 813 1373 855 li-

199 841 291 882 cuit
313 852 551 898 argentum
570 806 736 891 hal›ere
749 849 862 895 bene
880 854 1068 916 factum,
1096 862 1223 906 licuit
1242 881 1371 922 posse

201 895 456 941 domesticis
482 901 645 959 copiis,
696 920 836 962 quum
857 913 1170 968 magistratum
1194 929 1271 963 aut
1291 925 1374 967 ali-

200 967 336 1009 quem
365 957 647 1012 superiorem
674 960 925 1024 invitasset,
969 986 1132 1015 ornare
1161 984 1206 1018 et
1233 992 1371 1037 appa-

198 1023 301 1051 rare
331 1013 612 1069 convivium3
651 1019 786 1061 multi
812 1021 935 1066 domi
962 1026 1046 1070 Cn.
1075 1029 1237 1076 Calidii
1264 1049 1371 1087 cum

198 1065 395 1123 ,imperio
421 1083 471 1110 ac
493 1078 710 1126 potestate
737 1074 946 1137 fuerunt3
995 1099 1131 1128 nemo
1158 1089 1366 1137 inventus

201 1131 265 1163 est
296 1131 389 1164 tam
418 1140 595 1183 amenS,
633 1129 707 1171 oui
725 1131 836 1174 illud
860 1148 1098 1194 argentum
1118 1152 1209 1186 tam
1239 1161 1368 1202 prae-

196 1178 372 1220 clarum
403 1196 454 1222 ac
474 1190 566 1224 tam
592 1200 652 1226 no
687 1186 742 1230 ile
763 1191 980 1249 eriperet3
1019 1213 1153 1240 nemo
1171 1208 1265 1244 tam
1288 1221 1366 1248 au·

198 1233 313 1290 dax,
355 1237 429 1292 qui
457 1250 687 1295 posceret3
720 1260 853 1288 nemo
875 1257 966 1291 tam
993 1251 1255 1314 impudens,
1287 1264 1365 1317 qui

192 1292 468 1350 postularet,
498 1303 547 1336 ut
567 1299 790 1342 venderet.
848 1304 1108 1361 Superbum
1135 1320 1200 1354 est
1225 1317 1363 1376 enim,

191 1343 388 1404 iudices,
428 1358 471 1391 et
499 1366 593 1393 non
618 1352 881 1416 ferendum,
924 1362 1071 1406 dicere
1103 1380 1363 1423 praetorem

190 1401 242 1444 in
262 1405 493 1459 provincia
510 1406 681 1451 homini
702 1410 916 1473 honesto,
944 1418 1182 1480 locupleti,
1210 1428 1360 1485 splen-

191 1458 319 1502 dido:
349 1471 548 1504 VENDE
576 1476 715 1508 ΜΙΗῙ
743 1480 887 1515 νΑεΑ
918 1486 1196 1523 CAELATA.
1254 1485 1358 1529 Hoc

188 1523 258 1556 est
284 1517 404 1559 enim
432 1518 602 1562 dicere:
651 1539 744 1565 non
785 1541 828 1568 es
856 1529 1017 1587 dignus
1049 1541 1122 1591 tu,
1174 1540 1249 1594 qui
1278 1541 1358 1584 ha-

190 1570 321 1628 beas,
359 1588 469 1629 quae
499 1583 592 1619 tam
620 1578 733 1622 bene
761 1581 880 1626 facta
909 1588 1020 1630 sint:
1058 1603 1184 1635 meae
1211 1595 1358 1653 digni-

184 1627 289 1669 tatis
318 1629 403 1671 ista
431 1641 547 1674 sunt.
634 1634 708 1676 Tu
737 1637 939 1698 dignior,
986 1645 1179 1705 Verres,
1217 1667 1354 1708 quam

186 1680 424 1728 Calidius?
462 1689 563 1744 qui,
600 1698 650 1733 ut
678 1708 770 1735 11011
796 1698 1029 1743 conferam
1051 1704 1189 1748 vitam
1218 1717 1353 1767 atque

181 1739 567 1787 existimationem
596 1755 722 1790 tuam
749 1765 854 1795 cum
879 1755 1021 1800 illius:
1056 1774 1200 1818 neque
1229 1767 1351 1811 enim

181 1803 250 1837 est
278 1797 576 1845 conferenda:
613 1803 700 1846 hoc
728 1807 876 1863 ipsum
896 1813 1151 1873 conferam,
1189 1834 1277 1876 quo
1297 1831 1349 1866 tu

177 1860 225 1892 te
253 1855 533 1909 superiorem
563 1859 716 1916 fingis:
747 1867 867 1919 quod
894 1873 1000 1911 Hs&
1024 1884 1179 1916 LXXX
1207 1877 1351 1923 millia

180 1907 468 1967 divisoribus,
507 1922 557 1957 ut
584 1925 767 1972 praetor
793 1926 1127 1985 renuntiarere,
1163 1931 1347 1995 dedisti3

179 1970 381 2008 trecenta
405 1972 677 2028 accusatori,
714 1990 770 2018 ne
800 1978 881 2021 tibi
910 1981 1089 2026 odiosus
1116 1997 1250 2044 esset,
1293 2007 1345 2034 ea
1394 1989 1403 1997 ’

173 2033 226 2061 re
246 2023 498 2066 contemnis
517 2036 768 2083 equestrem
791 2036 994 2080 ordinem
1007 2071 1020 2095 ,
1050 2055 1100 2082 ac
1119 2042 1307 2102 despicis
1320 2044 1345 2092 ’Β

175 2082 230 2116 ea
262 2091 311 2118 re
340 2077 580 2136 indignum
616 2084 700 2128 tibi
735 2088 881 2133 visum
922 2102 1009 2152 est,
1072 2098 1341 2162 quidquam,

175 2132 298 2187 quod
324 2133 420 2219 tibi)
442 2136 663 2198 placeret,
705 2143 931 2192 Calidium
961 2153 1113 2209 potius
1151 2155 1340 2217 habere,

171 2200 309 2242 quam
340 2197 382 2233 te
400 2222 410 2234 .
451 2246 455 2254 Ι
