1420 2491
171 152 236 189 158
545 145 603 181 IN
626 144 836 181 VERREM
882 145 998 182 ACT.
1023 147 1074 182 11.

171 239 299 294 dete,
337 237 445 296 quid
471 239 694 295 potuerit,
723 240 797 296 qui
819 249 1041 298 quatuor,
1072 239 1119 282 in
1137 244 1230 283 una
1245 255 1357 299 pro-

167 295 341 352 vincia,
402 303 660 351 quaestores
706 297 1056 339 studiosissimos
1095 295 1355 340 defensores

166 361 625 410 propugnatoresque
662 352 897 411 habuerit,
945 362 1206 410 praetorem
1245 369 1354 396 vero

169 408 496 466 cohortemque
538 417 679 451 totam
718 410 1082 467 sic'studiosmn,
1127 418 1180 452 ut
1218 410 1352 453 facile

168 474 437 523 appareret,
477 481 570 508 non
601 474 695 508 tam
721 466 810 509 illis
832 468 1058 523 Siciliam,
1099 482 1234 524 quam
1255 467 1356 508 ina-

169 536 277 564 nem
307 522 615 578 offenderant,
656 539 791 580 quam
814 524 1012 566 Verrem
1050 525 1226 581 ipsum,
1275 523 1353 580 qui

203 580 331 621 lenus
353 579 628 636 decesserat,
667 581 949 637 provinciam
972 581 1120 623 fuisse.
1181 579 1354 622 Minari

206 636 360 691 iculis,
397 636 433 677 si
465 636 722 678 decressent
747 638 1021 694 legationes,
1059 652 1170 694 quae
1191 644 1352 680 contra

166 692 308 735 istum
338 693 565 748 dicerent3
608 694 795 749 minari,
844 695 880 735 s'i
911 695 985 751 qui
1021 701 1168 737 essent
1199 692 1352 751 profe-

168 749 254 804 cti,
292 749 413 806 aliis,
451 749 487 791 si
507 749 772 806 laudarent,
820 750 1140 807 benignissime
1158 750 1353 808 promit-

166 813 297 862 tere,
362 806 652 862 gravissimos
681 807 963 862 privatarum
996 822 1152 849 rerum
1190 814 1351 861 testes,

167 862 330 918 quibus
361 878 442 904 nos
472 863 787 918 praesentibus
827 863 1193 907 denuntiavimus
1211 895 1225 920 ,
1274 878 1350 906 eos

165 919 211 963 vi
240 919 542 976 custodiisque
572 919 785 960 retinere.

278 1031 338 1075 V.
369 1031 497 1084 Quae
526 1047 668 1088 quum
705 1033 859 1074 omnia
885 1031 1004 1075 facta
1035 1033 1150 1090 sint,
1183 1034 1350 1078 ,tamen

163 1103 306 1132 unam
344 1089 489 1131 solam
527 1089 685 1130 scitote
729 1105 822 1131 esse
856 1090 1084 1132 civitatem
1114 1090 1353 1137 Mamerti-

164 1161 298 1200 nam,
335 1160 447 1202 quae
475 1145 657 1201 publice
686 1146 883 1202 legatos,
930 1147 1006 1202 qui
1026 1146 1166 1188 istum
1193 1146 1350 1191 lauda-

164 1210 293 1258 rent,
331 1202 521 1244 miserit.
591 1202 701 1243 Eius
732 1212 884 1244 autem
913 1203 1151 1257 legationis
1182 1202 1351 1260 princi·

162 1274 294 1318 pem,
332 1258 558 1300 civitatis1
601 1258 957 1312 nobilissimum,
988 1259 1038 1300 C.
1052 1258 1250 1313 Heium,
1282 1258 1350 1299 in-

162 1323 315 1358 ratum
349 1315 497 1356 dicere
528 1314 736 1356 audistis:
784 1315 854 1356 isti
894 1329 1054 1356 navem
1088 1314 1348 1357 onerariam

162 1373 448 1426 maximam3
507 1371 742 1412 Messanae
781 1386 872 1413 esse
895 1405 907 1427 ,
957 1371 1139 1427 publice
1181 1371 1348 1413 coactis

164 1429 332 1486 operis,
363 1428 657 1469 aedificatam.
717 1428 931 1485 Idemque
959 1427 1347 1470 Mamertinorum

160 1487 362 1543 Iegatus,
397 1484 522 1525 istius
553 1484 785 1540 laudator,
824 1501 918 1526 non
937 1484 1085 1526 solum
1110 1485 1248 1525 istum
1267 1482 1349 1525 bo-

163 1558 223 1586 na
253 1557 356 1597 sua,
394 1555 555 1582 verum
576 1541 710 1581 etiam
740 1556 892 1597 sacra,
931 1543 1124 1596 deosque
1144 1548 1348 1597 penates,

165 1616 192 1642 a
220 1597 464 1640 maioribus
494 1597 742 1652 traditos,2
776 1613 834 1639 ex
863 1596 1045 1640 aedibus
1075 1597 1165 1638 suis
1196 1596 1258 1638 eri
1296 1611 1349 1638 u·-

164 1657 252 1698 isse
282 1655 411 1696 dixit.
444 1688 455 1694 ..
470 1653 708 1695 Praeclara
739 1654 963 1710 laudatio,
1007 1667 1148 1709 quum
1172 1653 1259 1694 dua
1294 1667 1347 1694 us

163 1713 216 1756 :in
243 1712 379 1755 rebus
410 1711 665 1767 legatorum
685 1726 775 1753 una
795 1726 933 1767 opera
960 1710 1268 1763 consumitur,
1296 1708 1345 1752 in

161 1768 392 1811 laudando
430 1775 562 1823 atque
606 1768 868 1824 repetendo.
956 1768 1107 1822 Atque
1155 1780 1207 1807 ea
1248 1766 1346 1821 ipsa

165 1825 322 1868 civitas
350 1839 437 1881 qua
457 1824 632 1865 ratione
660 1824 725 1865 iili
747 1825 890 1866 amica
919 1825 999 1879 sit,
1036 1822 1214 1864 dicetur
1249 1836 1348 1862 cer-

161 1891 210 1924 to
238 1883 355 1924 loco.
443 1880 698 1938 Reperietis
735 1880 880 1937 enim,
932 1894 1045 1937 quae
1078 1892 1238 1921 causae
1268 1877 1346 1920 be·
1376 1933 1381 1935 ‚

170 2079 173 2082 ”
209 2080 246 2118 1)
276 2076 432 2111 civitatis
460 2076 654 2122 glossema
674 2080 801 2110 visum
831 2084 888 2109 esc
921 2074 1140 2109 Gulielmio.
1189 2071 1346 2108 Lambi-

159 2136 234 2158 nus
254 2123 401 2162 edidit,
428 2121 700 2156 nobilissimum
724 2123 853 2156 civem.

206 2175 243 2210 2)
271 2183 291 2204 a
321 2168 520 2204 maioribus
545 2168 698 2202 traditos
718 2168 897 2202 Ernescio
918 2167 1096 2214 glossam
1121 2178 1258 2215 :apere
1281 2169 1344 2202 ω’·

161 2214 354 2258 debatur‚·
379 2216 472 2264 quia
494 2228 625 2250 omnes
640 2225 806 2263 penates
831 2215 929 2250 cales
958 2223 1062 2249 sunc-
