1420 2491
169 151 235 186 ¹⁰8
510 143 570 181 IN
594 144 802 181 VERREM
847 144 960 181 AcT.
984 145 1036 181 11.

167 252 249 279 um
275 237 393 294 eius,
429 238 503 280 cui
523 238 802 281 condonarat
821 238 1118 282 hereditatem
1135 245 1347 298 ereptam

165 293 335 349 liberis,
358 310 491 350 quam
511 309 705 352 aequum
724 295 921 337 edictum
941 296 1186 353 scripserit,
1207 312 1342 355 quae-

168 366 241 406 so,
277 352 546 406 cognoscite.
606 363 768 402 QUUM
800 364 815 392 1
831 364 1208 406 NTELLIGAM,
1247 365 1340 395 LE-

170 420 204 449 c-
217 420 246 448 E
259 419 292 448 M
331 418 363 449 v
375 421 400 448 o
413 420 438 448 c
451 422 477 448 o
490 421 519 449 N
532 420 549 448 1
560 420 591 450 A
601 420 648 448 M.
732 408 844 464 Quis
881 423 1099 465 umquam
1134 408 1340 451 crederet

169 463 371 505 Verrem
389 463 637 506 mulierum
666 465 971 506 adversarium
997 458 1245 507 futurum?
1279 479 1338 508 an

168 519 272 561 ideo
284 518 453 575 aliquid
466 529 623 562 contra
643 521 855 562 mulieres
875 520 996 577 fecit,
1014 535 1072 562 ne
1086 529 1233 563 totum
1245 521 1339 563 edi-

169 582 295 616 ctum
322 576 379 618 ad
407 575 668 618 Chelidonis
699 576 938 618 arbitrium
965 577 1185 635 scriptum
1214 577 1338 620 vide-

167 626 332 674 retur?
371 631 616 688 Cupiditati
643 632 883 674 hominum
903 633 964 674 ait
981 649 1026 675 se
1051 633 1229 675 obviam
1254 633 1335 675 ire.

169 687 285 743 Quis
314 689 486 746 potius,
510 694 529 716 ¹
569 704 663 731 11011
680 688 817 730 modo
836 688 903 730 his
926 688 1227 746 temporibus,
1255 690 1334 732 sed

167 743 306 785 etiam
334 743 455 801 apud
481 745 674 786 maiores
702 738 914 786 nostros?
958 747 1054 801 quis
1073 753 1166 787 tam
1185 761 1337 788 remo-

168 808 242 842 tus
278 800 361 842 suit
392 817 417 842 a
454 795 732 857 cupiditate?
778 800 864 841 Dic
877 832 890 855 ‚
941 817 1129 857 quaeso,
1172 810 1334 844 cetera.

168 857 380 899 Delectat
408 857 529 897 enim
556 871 628 898 me
660 856 855 897 hominis
886 859 1078 912 gravitas
1090 890 1103 913 ‚
1147 858 1334 901 scientia

168 912 280 955 iuris
292 944 303 966 ‚
343 912 596 953 auctoritas.
681 925 711 961 Q
722 924 753 952 U
769 925 785 953 Ι
822 923 853 953 A
864 924 890 953 Β
926 925 970 954 Α.
1005 925 1033 953 P
1045 928 1071 954 0
1083 926 1104 954 s
1115 926 1145 955 Τ
1156 925 1188 954 U
1201 927 1233 955 M
1246 927 1263 954 1
1275 925 1304 954 ο
1318 945 1333 968 ,

171 981 217 1018 Q·
256 980 473 1010 FULVIO
507 979 904 1023 CENSORIBUS,
952 980 1174 1012 POSTVE
1222 982 1295 1012 ΕΑ
1312 979 1330 1001 ⁸

169 1037 376 1080 FECIT,
422 1036 698 1066 FECERIT.
783 1023 927 1080 Fecit,
971 1024 1130 1066 fecerit
1147 1019 1172 1067 ¹?
1219 1024 1333 1081 Quis

167 1095 386 1136 umquam
410 1081 551 1122 edixit
570 1082 654 1122 isto
673 1081 810 1122 modo
823 1074 847 1120 ’ἶ
884 1081 981 1137 quis
997 1096 1214 1137 umquam
1236 1081 1332 1123 eius

165 1137 235 1178 rei
261 1137 470 1179 fraudem
501 1144 578 1178 aut
607 1137 861 1192 periculum
888 1139 1125 1193 proposuit
1160 1138 1333 1192 edicto,

167 1208 280 1250 quae
300 1207 443 1255 neque
466 1200 568 1248 post
588 1192 782 1233 edictum
795 1223 808 1246 ,
844 1207 987 1248 neque
1007 1200 1110 1234 ante
1133 1193 1333 1236 edictum

162 1249 395 1306 provideri
422 1242 605 1304 potuit?

282 1327 433 1369 XLII.
459 1328 578 1384 Iure,
608 1327 795 1383 legibUS,
826 1328 1091 1371 auctoritate
1110 1328 1351 1384 omnium,

167 1384 245 1441 qui
265 1384 637 1438 consulebantur,
670 1392 985 1425 testamentum
1002 1385 1049 1425 P.
1070 1384 1247 1426 Annius
1267 1383 1334 1426 fe-

165 1450 311 1496 cerat,
341 1456 434 1481 non
452 1440 734 1498 improbum,
772 1456 865 1482 non
884 1440 1209 1495 inofficiosum,
1227 1455 1332 1488 ,non

217 1572 249 1607 1)
275 1568 340 1599 lea
372 1575 428 1599 est
457 1570 494 1598 in
516 1564 634 1598 trihus
655 1565 800 1598 Parz'ss.
827 1566 899 1601 Gu.
918 1564 1054 1597 Franc.
1079 1575 1110 1596 ι.
1141 1565 1271 1597 Cattae.
1294 1573 1333 1597 et

168 1617 310 1658 recepit
333 1621 422 1658 post
455 1612 693 1644 Garumnam
724 1611 897 1643 Beck-ius.
969 1610 1021 1642 Ec
1053 1611 1190 1643 Garat.
1230 1619 1332 1642 recte

167 1672 318 1693 sensum
346 1660 401 1691 sic
430 1657 618 1702 explicat:
655 1658 737 1700 quis
758 1658 887 1700 polius
917 1668 1030 1700 quam
1062 1656 1198 1689 [serres
1229 1659 1334 1701 cupi-

168 1705 289 1738 ditati
313 1703 504 1736 hominum
525 1702 678 1735 obviam
698 1703 833 1740 iverit,
861 1714 938 1735 non
960 1700 1073 1734 modo
1085 1700 1157 1738 his,
1186 1699 1255 1734 sed
1276 1710 1331 1734 et-

167 1753 249 1784 iam
272 1749 464 1795 prioribus
494 1748 741 1792 temporibus,
776 1748 811 1779 .ςί
837 1757 914 1780 cum
937 1752 1118 1780 vixisset.
1177 1746 1333 1780 Lambi-

168 1809 240 1830 nus
263 1798 461 1828 lectionem
492 1794 577 1839 quid
611 1793 732 1840 potius
765 1792 942 1837 dqsenclit
971 1790 1039 1825 boc
1071 1805 1200 1825 sensu.-
1239 1790 1332 1838 quid

168 1843 304 1876 melius
324 1839 412 1883 fieri
427 1837 582 1884 potest?
620 1841 810 1873 Graevius
839 1837 1042 1871 delendum
1063 1838 1242 1872 censebat
1264 1849 1333 1884 po-

167 1888 253 1922 tius.
307 1880 532 1922 Gulielmius
558 1897 650 1918 vero
673 1890 729 1917 sic
759 1884 1040 1929 distinguebat:
1083 1884 1161 1930 quis
1181 1880 1333 1930 potius?

167 1945 247 1967 non
269 1931 379 1966 modo
398 1931 421 1965 h
461 1940 485 1964 t.
513 1930 577 1964 sed
602 1941 710 1964 etiam
741 1929 838 1977 apud
871 1942 920 1962 m.
941 1941 980 1963 n.
1012 1928 1090 1976 quis
1119 1939 1192 1963 tam
1211 1940 1335 1962 remo-

169 1989 228 2013 tus
250 1979 319 2012 fuit
344 1990 363 2011 a
387 1974 603 2024 cupiditate.

216 2020 252 2066 ’2)
278 2027 498 2059 Garatonus
519 2024 752 2055 auctoritate
764 2023 955 2056 Prisciani
969 2033 1059 2056 usus
1072 2031 1161 2068 post
1175 2033 1228 2055 EA
1251 2033 1335 2056 sus·

167 2073 323 2119 picacur
341 2081 476 2103 vocem
510 2080 869 2102 TESTAMBNTUM
901 2066 1102 2102 excidisse.
1131 2069 1187 2101 At
1208 2072 1338 2113 potius

171 2131 198 2150 a
233 2118 350 2151 Verre
379 2121 558 2160 scriptum
577 2113 667 2160 sitit
695 2119 770 2147 sic:
808 2114 882 2159 Qui
913 2133 960 2142 -—
993 2122 1120 2159 postve
1155 2125 1197 2147 ea
1226 2112 1339 2146 filiam

170 2162 347 2199 heredem
371 2161 470 2201 fecit,
495 2159 637 2194 fecerit.
689 2161 750 2194 Sic
770 2162 901 2206 infra.-
927 2158 1065 2195 Scribis
1085 2157 1116 2194 ui
1137 2159 1217 2208 quis
1235 2158 1342 2194 here·

173 2209 261 2245 dem
285 2207 395 2246 fecit.
430 2205 573 2242 fecerit.
964 2222 968 2226 -
