<?xml version="1.0" encoding="UTF-8"?>
<!DOCTYPE html PUBLIC "-//W3C//DTD XHTML 1.0 Transitional//EN"
    "http://www.w3.org/TR/xhtml1/DTD/xhtml1-transitional.dtd">
<html xmlns="http://www.w3.org/1999/xhtml" xml:lang="en" lang="en">
 <head>
  <title>
</title>
<meta http-equiv="Content-Type" content="text/html;charset=utf-8" />
  <meta name='ocr-system' content='tesseract 3.04.00' />
  <meta name='ocr-capabilities' content='ocr_page ocr_carea ocr_par ocr_line ocrx_word'/>
</head>
<body>
  <div class='ocr_page' id='page_1' title='image "./operaquaesupersu05ciceuoft/operaquaesupersu05ciceuoft_0092.png"; bbox 0 0 1420 2491; ppageno 0'>
   <div class='ocr_carea' id='block_1_1' title="bbox 149 165 1006 214">
    <p class='ocr_par' dir='ltr' id='par_1_1' title="bbox 149 165 1006 214">
     <span class='ocr_line' id='line_1_1' title="bbox 149 165 1006 214; baseline -0.005 -9"><span class='ocrx_word' id='word_1_1' title='bbox 149 176 196 214; x_wconf 68' lang='lat'>34</span> <span class='ocrx_word' id='word_1_2' title='bbox 475 169 533 205; x_wconf 73' lang='lat' dir='ltr'>m</span> <span class='ocrx_word' id='word_1_3' title='bbox 562 165 769 203; x_wconf 73' lang='lat' dir='ltr'>VERREM</span> <span class='ocrx_word' id='word_1_4' title='bbox 815 167 930 202; x_wconf 73' lang='lat' dir='ltr'>Aer.</span> <span class='ocrx_word' id='word_1_5' title='bbox 955 167 1006 201; x_wconf 88' lang='lat'>11.</span> 
     </span>
    </p>
   </div>
   <div class='ocr_carea' id='block_1_2' title="bbox 151 257 1395 2132">
    <p class='ocr_par' dir='ltr' id='par_1_2' title="bbox 151 257 1395 2132">
     <span class='ocr_line' id='line_1_2' title="bbox 151 257 1331 319; baseline -0.004 -13"><span class='ocrx_word' id='word_1_6' title='bbox 151 264 332 310; x_wconf 81' lang='lat' dir='ltr'>felicior</span> <span class='ocrx_word' id='word_1_7' title='bbox 360 262 460 308; x_wconf 82' lang='lat' dir='ltr'>fuit.</span> <span class='ocrx_word' id='word_1_8' title='bbox 525 262 632 316; x_wconf 79' lang='lat' dir='ltr'>Ille,</span> <span class='ocrx_word' id='word_1_9' title='bbox 673 260 794 319; x_wconf 92' lang='lat' dir='ltr'>quod</span> <span class='ocrx_word' id='word_1_10' title='bbox 821 261 915 302; x_wconf 84' lang='lat' dir='ltr'>eius</span> <span class='ocrx_word' id='word_1_11' title='bbox 943 258 1178 301; x_wconf 69' lang='lat' dir='ltr'>avaritiam</span> <span class='ocrx_word' id='word_1_12' title='bbox 1210 257 1331 302; x_wconf 74' lang='lat' dir='ltr'>cives</span> 
     </span>
     <span class='ocr_line' id='line_1_3' title="bbox 154 310 1331 376; baseline -0.008 -10"><span class='ocrx_word' id='word_1_13' title='bbox 154 322 353 367; x_wconf 87' lang='lat' dir='ltr'>Romani</span> <span class='ocrx_word' id='word_1_14' title='bbox 371 321 491 364; x_wconf 82' lang='lat' dir='ltr'>ferre</span> <span class='ocrx_word' id='word_1_15' title='bbox 514 336 608 363; x_wconf 89' lang='lat' dir='ltr'>non</span> <span class='ocrx_word' id='word_1_16' title='bbox 628 325 895 376; x_wconf 77' lang='lat' dir='ltr'>potuerant,</span> <span class='ocrx_word' id='word_1_17' title='bbox 930 316 1090 358; x_wconf 83' lang='lat' dir='ltr'>Uticae</span> <span class='ocrx_word' id='word_1_18' title='bbox 1115 310 1331 358; x_wconf 78' lang='grc'><strong>(101111511-</strong></span> 
     </span>
     <span class='ocr_line' id='line_1_4' title="bbox 152 371 1332 431; baseline -0.008 -9"><span class='ocrx_word' id='word_1_19' title='bbox 152 397 203 422; x_wconf 87' lang='lat' dir='ltr'>ae</span> <span class='ocrx_word' id='word_1_20' title='bbox 231 381 357 422; x_wconf 82' lang='lat' dir='ltr'>vivus</span> <span class='ocrx_word' id='word_1_21' title='bbox 386 387 570 420; x_wconf 82' lang='lat' dir='ltr'>exustus</span> <span class='ocrx_word' id='word_1_22' title='bbox 599 383 688 431; x_wconf 71' lang='lat' dir='ltr'>est,</span> <span class='ocrx_word' id='word_1_23' title='bbox 723 374 857 431; x_wconf 88' lang='lat' dir='ltr'>idque</span> <span class='ocrx_word' id='word_1_24' title='bbox 885 374 949 415; x_wconf 80' lang='lat' dir='ltr'>ita</span> <span class='ocrx_word' id='word_1_25' title='bbox 978 372 1043 414; x_wconf 86' lang='grc'><strong>1111</strong></span> <span class='ocrx_word' id='word_1_26' title='bbox 1063 371 1228 413; x_wconf 79' lang='lat' dir='ltr'>merito</span> <span class='ocrx_word' id='word_1_27' title='bbox 1258 386 1332 412; x_wconf 84' lang='lat' dir='ltr'>ac-</span> 
     </span>
     <span class='ocr_line' id='line_1_5' title="bbox 154 429 1332 488; baseline -0.009 -9"><span class='ocrx_word' id='word_1_28' title='bbox 154 437 312 479; x_wconf 79' lang='lat' dir='ltr'>cidisse</span> <span class='ocrx_word' id='word_1_29' title='bbox 334 435 643 477; x_wconf 76' lang='lat' dir='ltr'>existimatum</span> <span class='ocrx_word' id='word_1_30' title='bbox 663 439 751 488; x_wconf 80' lang='lat' dir='ltr'>est,</span> <span class='ocrx_word' id='word_1_31' title='bbox 788 439 840 472; x_wconf 85' lang='lat' dir='ltr'>ut</span> <span class='ocrx_word' id='word_1_32' title='bbox 857 429 1138 471; x_wconf 86' lang='lat' dir='ltr'>laetarentur</span> <span class='ocrx_word' id='word_1_33' title='bbox 1158 442 1332 483; x_wconf 84' lang='lat' dir='ltr'>omnes,</span> 
     </span>
     <span class='ocr_line' id='line_1_6' title="bbox 155 482 1331 551; baseline -0.012 -14"><span class='ocrx_word' id='word_1_34' title='bbox 155 510 302 551; x_wconf 71' lang='lat' dir='ltr'>neque</span> <span class='ocrx_word' id='word_1_35' title='bbox 339 492 432 535; x_wconf 82' lang='lat' dir='ltr'>ulla</span> <span class='ocrx_word' id='word_1_36' title='bbox 469 488 797 533; x_wconf 84' lang='lat' dir='ltr'>animadversio</span> <span class='ocrx_word' id='word_1_37' title='bbox 835 485 1209 538; x_wconf 68' lang='lat' dir='ltr'>constitueretur,</span> <span class='ocrx_word' id='word_1_38' title='bbox 1255 482 1331 524; x_wconf 85' lang='lat' dir='ltr'>hic</span> 
     </span>
     <span class='ocr_line' id='line_1_7' title="bbox 156 538 1333 597; baseline -0.012 -3"><span class='ocrx_word' id='word_1_39' title='bbox 156 552 386 594; x_wconf 89' lang='lat' dir='ltr'>sociorum</span> <span class='ocrx_word' id='word_1_40' title='bbox 428 549 657 591; x_wconf 87' lang='lat' dir='ltr'>ambustus</span> <span class='ocrx_word' id='word_1_41' title='bbox 694 543 928 597; x_wconf 83' lang='lat' dir='ltr'>incendio,</span> <span class='ocrx_word' id='word_1_42' title='bbox 976 549 1128 582; x_wconf 86' lang='lat' dir='ltr'>tamen</span> <span class='ocrx_word' id='word_1_43' title='bbox 1162 554 1220 582; x_wconf 85' lang='lat' dir='ltr'>ex</span> <span class='ocrx_word' id='word_1_44' title='bbox 1253 538 1333 581; x_wconf 81' lang='lat' dir='ltr'>illa</span> 
     </span>
     <span class='ocr_line' id='line_1_8' title="bbox 157 596 1331 663; baseline -0.013 -13"><span class='ocrx_word' id='word_1_45' title='bbox 157 608 343 650; x_wconf 86' lang='lat' dir='ltr'>flamma</span> <span class='ocrx_word' id='word_1_46' title='bbox 360 605 651 663; x_wconf 86' lang='lat' dir='ltr'>periculoque</span> <span class='ocrx_word' id='word_1_47' title='bbox 664 599 880 655; x_wconf 77' lang='lat' dir='ltr'>evolavit3</span> <span class='ocrx_word' id='word_1_48' title='bbox 908 612 1053 654; x_wconf 83' lang='lat' dir='ltr'>neque</span> <span class='ocrx_word' id='word_1_49' title='bbox 1066 596 1212 638; x_wconf 84' lang='lat' dir='ltr'>adhuc</span> <span class='ocrx_word' id='word_1_50' title='bbox 1225 610 1331 637; x_wconf 88' lang='lat' dir='ltr'>cau-</span> 
     </span>
     <span class='ocr_line' id='line_1_9' title="bbox 159 652 1332 717; baseline -0.014 -10"><span class='ocrx_word' id='word_1_51' title='bbox 159 680 256 706; x_wconf 82' lang='lat' dir='ltr'>sam</span> <span class='ocrx_word' id='word_1_52' title='bbox 270 663 412 706; x_wconf 87' lang='lat' dir='ltr'>ullam</span> <span class='ocrx_word' id='word_1_53' title='bbox 433 661 690 717; x_wconf 83' lang='lat' dir='ltr'>excogitare</span> <span class='ocrx_word' id='word_1_54' title='bbox 708 656 873 713; x_wconf 86' lang='lat' dir='ltr'>potuit,</span> <span class='ocrx_word' id='word_1_55' title='bbox 895 652 1190 711; x_wconf 86' lang='lat' dir='ltr'>quamobrem</span> <span class='ocrx_word' id='word_1_56' title='bbox 1207 666 1332 694; x_wconf 87' lang='lat' dir='ltr'>com-</span> 
     </span>
     <span class='ocr_line' id='line_1_10' title="bbox 159 710 1333 776; baseline -0.014 -12"><span class='ocrx_word' id='word_1_57' title='bbox 159 721 358 776; x_wconf 85' lang='lat' dir='ltr'>miserit,</span> <span class='ocrx_word' id='word_1_58' title='bbox 372 727 392 748; x_wconf 80' lang='lat'>1</span> <span class='ocrx_word' id='word_1_59' title='bbox 433 726 512 760; x_wconf 85' lang='lat' dir='ltr'>aut</span> <span class='ocrx_word' id='word_1_60' title='bbox 530 716 638 773; x_wconf 87' lang='lat' dir='ltr'>quid</span> <span class='ocrx_word' id='word_1_61' title='bbox 658 712 880 768; x_wconf 75' lang='lat' dir='ltr'>evenerit,</span> <span class='ocrx_word' id='word_1_62' title='bbox 917 719 967 752; x_wconf 89' lang='lat' dir='ltr'>ut</span> <span class='ocrx_word' id='word_1_63' title='bbox 987 710 1034 751; x_wconf 88' lang='lat' dir='ltr'>in</span> <span class='ocrx_word' id='word_1_64' title='bbox 1056 717 1235 750; x_wconf 86' lang='lat' dir='ltr'>tantum</span> <span class='ocrx_word' id='word_1_65' title='bbox 1252 723 1333 765; x_wconf 87' lang='lat' dir='ltr'>pe-</span> 
     </span>
     <span class='ocr_line' id='line_1_11' title="bbox 158 765 1334 823; baseline -0.014 -3"><span class='ocrx_word' id='word_1_66' title='bbox 158 779 357 820; x_wconf 79' lang='lat' dir='ltr'>riculum</span> <span class='ocrx_word' id='word_1_67' title='bbox 396 772 584 818; x_wconf 78' lang='lat' dir='ltr'>veniret.</span> <span class='ocrx_word' id='word_1_68' title='bbox 669 771 780 812; x_wconf 89' lang='lat' dir='ltr'>Non</span> <span class='ocrx_word' id='word_1_69' title='bbox 817 769 939 810; x_wconf 86' lang='lat' dir='ltr'>enim</span> <span class='ocrx_word' id='word_1_70' title='bbox 973 773 1123 823; x_wconf 87' lang='lat' dir='ltr'>potest</span> <span class='ocrx_word' id='word_1_71' title='bbox 1160 765 1334 806; x_wconf 84' lang='lat' dir='ltr'>dicere:</span> 
     </span>
     <span class='ocr_line' id='line_1_12' title="bbox 160 821 1333 890; baseline -0.014 -13"><span class='ocrx_word' id='word_1_72' title='bbox 160 849 344 890; x_wconf 81' lang='lat' dir='ltr'>„quum</span> <span class='ocrx_word' id='word_1_73' title='bbox 370 831 640 874; x_wconf 70' lang='lat' dir='ltr'>seditionem</span> <span class='ocrx_word' id='word_1_74' title='bbox 658 827 813 869; x_wconf 87' lang='lat' dir='ltr'>sedare</span> <span class='ocrx_word' id='word_1_75' title='bbox 842 824 1030 878; x_wconf 84' lang='lat' dir='ltr'>vellem,</span> <span class='ocrx_word' id='word_1_76' title='bbox 1067 836 1207 877; x_wconf 87' lang='lat' dir='ltr'>quum</span> <span class='ocrx_word' id='word_1_77' title='bbox 1235 821 1333 862; x_wconf 86' lang='lat' dir='ltr'>fru-</span> 
     </span>
     <span class='ocr_line' id='line_1_13' title="bbox 158 878 1333 944; baseline -0.015 -10"><span class='ocrx_word' id='word_1_78' title='bbox 158 899 368 934; x_wconf 79' lang='lat' dir='ltr'>mentum</span> <span class='ocrx_word' id='word_1_79' title='bbox 394 889 692 944; x_wconf 80' lang='lat' dir='ltr'>imperarem,</span> <span class='ocrx_word' id='word_1_80' title='bbox 732 896 873 938; x_wconf 88' lang='lat' dir='ltr'>quum</span> <span class='ocrx_word' id='word_1_81' title='bbox 902 878 1179 936; x_wconf 73' lang='lat' dir='ltr'>stipendium</span> <span class='ocrx_word' id='word_1_82' title='bbox 1201 891 1333 933; x_wconf 86' lang='lat' dir='ltr'>coge-</span> 
     </span>
     <span class='ocr_line' id='line_1_14' title="bbox 159 934 1334 1002; baseline -0.016 -11"><span class='ocrx_word' id='word_1_83' title='bbox 159 964 259 991; x_wconf 88' lang='lat' dir='ltr'>rem</span> <span class='ocrx_word' id='word_1_84' title='bbox 271 980 283 1002; x_wconf 86' lang='lat'>,</span> <span class='ocrx_word' id='word_1_85' title='bbox 320 960 462 1002; x_wconf 87' lang='lat' dir='ltr'>quum</span> <span class='ocrx_word' id='word_1_86' title='bbox 489 941 658 997; x_wconf 76' lang='lat' dir='ltr'>aliquid</span> <span class='ocrx_word' id='word_1_87' title='bbox 678 937 870 992; x_wconf 87' lang='lat' dir='ltr'>denique</span> <span class='ocrx_word' id='word_1_88' title='bbox 888 936 956 977; x_wconf 88' lang='lat' dir='ltr'>rei</span> <span class='ocrx_word' id='word_1_89' title='bbox 973 934 1183 992; x_wconf 82' lang='lat' dir='ltr'>publicae</span> <span class='ocrx_word' id='word_1_90' title='bbox 1201 947 1334 974; x_wconf 85' lang='lat' dir='ltr'>causa</span> 
     </span>
     <span class='ocr_line' id='line_1_15' title="bbox 159 987 1336 1062; baseline -0.017 -14"><span class='ocrx_word' id='word_1_91' title='bbox 159 1016 389 1062; x_wconf 81' lang='lat' dir='ltr'>gererem:</span> <span class='ocrx_word' id='word_1_92' title='bbox 418 998 538 1058; x_wconf 87' lang='lat' dir='ltr'>quod</span> <span class='ocrx_word' id='word_1_93' title='bbox 558 997 703 1038; x_wconf 86' lang='lat' dir='ltr'>acrius</span> <span class='ocrx_word' id='word_1_94' title='bbox 722 992 966 1050; x_wconf 77' lang='lat' dir='ltr'>imperavi,</span> <span class='ocrx_word' id='word_1_95' title='bbox 995 989 1116 1047; x_wconf 88' lang='lat' dir='ltr'>quod</span> <span class='ocrx_word' id='word_1_96' title='bbox 1134 987 1336 1031; x_wconf 85' lang='lat' dir='ltr'>animad-</span> 
     </span>
     <span class='ocr_line' id='line_1_16' title="bbox 160 1045 1335 1115; baseline -0.016 -11"><span class='ocrx_word' id='word_1_97' title='bbox 160 1061 301 1115; x_wconf 77' lang='lat' dir='ltr'>verti,</span> <span class='ocrx_word' id='word_1_98' title='bbox 338 1058 458 1115; x_wconf 90' lang='lat' dir='ltr'>quod</span> <span class='ocrx_word' id='word_1_99' title='bbox 487 1055 682 1096; x_wconf 80' lang='lat' dir='ltr'>minatus</span> <span class='ocrx_word' id='word_1_100' title='bbox 710 1050 864 1092; x_wconf 75' lang='lat' dir='ltr'>sum.“</span> <span class='ocrx_word' id='word_1_101' title='bbox 930 1047 1057 1099; x_wconf 82' lang='lat' dir='ltr'>Quae</span> <span class='ocrx_word' id='word_1_102' title='bbox 1077 1046 1113 1087; x_wconf 86' lang='lat' dir='ltr'>si</span> <span class='ocrx_word' id='word_1_103' title='bbox 1141 1045 1335 1087; x_wconf 83' lang='lat' dir='ltr'>diceret:</span> 
     </span>
     <span class='ocr_line' id='line_1_17' title="bbox 161 1101 1335 1171; baseline -0.014 -12"><span class='ocrx_word' id='word_1_104' title='bbox 161 1126 317 1159; x_wconf 79' lang='lat' dir='ltr'>tamen</span> <span class='ocrx_word' id='word_1_105' title='bbox 346 1112 518 1171; x_wconf 72' lang='lat' dir='ltr'>ignosci</span> <span class='ocrx_word' id='word_1_106' title='bbox 546 1126 640 1152; x_wconf 83' lang='lat' dir='ltr'>non</span> <span class='ocrx_word' id='word_1_107' title='bbox 671 1113 926 1164; x_wconf 77' lang='lat' dir='ltr'>oporteret,</span> <span class='ocrx_word' id='word_1_108' title='bbox 965 1104 1002 1144; x_wconf 88' lang='lat' dir='ltr'>si</span> <span class='ocrx_word' id='word_1_109' title='bbox 1019 1102 1154 1144; x_wconf 87' lang='lat' dir='ltr'>nimis</span> <span class='ocrx_word' id='word_1_110' title='bbox 1173 1101 1335 1144; x_wconf 86' lang='lat' dir='ltr'>atroci-</span> 
     </span>
     <span class='ocr_line' id='line_1_18' title="bbox 161 1158 1334 1228; baseline -0.017 -12"><span class='ocrx_word' id='word_1_111' title='bbox 161 1182 233 1216; x_wconf 80' lang='lat' dir='ltr'>ter</span> <span class='ocrx_word' id='word_1_112' title='bbox 260 1169 527 1228; x_wconf 86' lang='lat' dir='ltr'>imperando</span> <span class='ocrx_word' id='word_1_113' title='bbox 555 1165 710 1218; x_wconf 83' lang='lat' dir='ltr'>sociis,</span> <span class='ocrx_word' id='word_1_114' title='bbox 754 1163 801 1203; x_wconf 89' lang='lat' dir='ltr'>in</span> <span class='ocrx_word' id='word_1_115' title='bbox 822 1169 998 1203; x_wconf 82' lang='lat' dir='ltr'>tantum</span> <span class='ocrx_word' id='word_1_116' title='bbox 1018 1158 1236 1199; x_wconf 82' lang='lat' dir='ltr'>adductus</span> <span class='ocrx_word' id='word_1_117' title='bbox 1254 1172 1334 1213; x_wconf 86' lang='lat' dir='ltr'>pe-</span> 
     </span>
     <span class='ocr_line' id='line_1_19' title="bbox 161 1215 1332 1273; baseline -0.016 -1"><span class='ocrx_word' id='word_1_118' title='bbox 161 1229 358 1273; x_wconf 76' lang='lat' dir='ltr'>riculum</span> <span class='ocrx_word' id='word_1_119' title='bbox 385 1226 627 1267; x_wconf 73' lang='lat' dir='ltr'>videretur.</span> <span class='ocrx_word' id='word_1_120' title='bbox 693 1219 831 1261; x_wconf 81' lang='lat' dir='ltr'>Nunc</span> <span class='ocrx_word' id='word_1_121' title='bbox 860 1231 1000 1273; x_wconf 87' lang='lat' dir='ltr'>quum</span> <span class='ocrx_word' id='word_1_122' title='bbox 1027 1215 1122 1271; x_wconf 86' lang='lat' dir='ltr'>ipse</span> <span class='ocrx_word' id='word_1_123' title='bbox 1151 1227 1332 1254; x_wconf 82' lang='lat' dir='ltr'>causam</span> 
     </span>
     <span class='ocr_line' id='line_1_20' title="bbox 162 1267 1334 1334; baseline -0.017 -6"><span class='ocrx_word' id='word_1_124' title='bbox 162 1287 285 1328; x_wconf 83' lang='lat' dir='ltr'>illius</span> <span class='ocrx_word' id='word_1_125' title='bbox 303 1282 525 1326; x_wconf 80' lang='lat' dir='ltr'>tumultus</span> <span class='ocrx_word' id='word_1_126' title='bbox 545 1292 690 1334; x_wconf 85' lang='lat' dir='ltr'>neque</span> <span class='ocrx_word' id='word_1_127' title='bbox 709 1290 866 1317; x_wconf 76' lang='lat' dir='ltr'>veram</span> <span class='ocrx_word' id='word_1_128' title='bbox 885 1273 1032 1314; x_wconf 84' lang='lat' dir='ltr'>dicere</span> <span class='ocrx_word' id='word_1_129' title='bbox 1045 1304 1057 1326; x_wconf 90' lang='lat'>,</span> <span class='ocrx_word' id='word_1_130' title='bbox 1085 1284 1231 1326; x_wconf 87' lang='lat' dir='ltr'>neque</span> <span class='ocrx_word' id='word_1_131' title='bbox 1250 1267 1334 1309; x_wconf 83' lang='lat' dir='ltr'>fal-</span> 
     </span>
     <span class='ocr_line' id='line_1_21' title="bbox 163 1323 1334 1394; baseline -0.017 -10"><span class='ocrx_word' id='word_1_132' title='bbox 163 1358 260 1384; x_wconf 87' lang='lat' dir='ltr'>sam</span> <span class='ocrx_word' id='word_1_133' title='bbox 291 1341 550 1394; x_wconf 73' lang='lat' dir='ltr'>confingere</span> <span class='ocrx_word' id='word_1_134' title='bbox 584 1334 770 1386; x_wconf 69' lang='lat' dir='ltr'>audeat,</span> <span class='ocrx_word' id='word_1_135' title='bbox 815 1331 952 1372; x_wconf 88' lang='lat' dir='ltr'>homo</span> <span class='ocrx_word' id='word_1_136' title='bbox 980 1337 1133 1369; x_wconf 82' lang='lat' dir='ltr'>autem</span> <span class='ocrx_word' id='word_1_137' title='bbox 1162 1323 1334 1366; x_wconf 89' lang='lat' dir='ltr'>ordinis</span> 
     </span>
     <span class='ocr_line' id='line_1_22' title="bbox 162 1379 1336 1452; baseline -0.017 -11"><span class='ocrx_word' id='word_1_138' title='bbox 162 1400 232 1441; x_wconf 85' lang='lat' dir='ltr'>sui</span> <span class='ocrx_word' id='word_1_139' title='bbox 251 1392 580 1452; x_wconf 49' lang='lat' dir='ltr'>frugalissimus</span> <span class='ocrx_word' id='word_1_140' title='bbox 592 1423 605 1447; x_wconf 88' lang='lat'>,</span> <span class='ocrx_word' id='word_1_141' title='bbox 641 1390 717 1446; x_wconf 88' lang='lat' dir='ltr'>qui</span> <span class='ocrx_word' id='word_1_142' title='bbox 736 1396 835 1429; x_wconf 85' lang='lat' dir='ltr'>tum</span> <span class='ocrx_word' id='word_1_143' title='bbox 855 1400 1065 1428; x_wconf 84' lang='lat' dir='ltr'>accensus</span> <span class='ocrx_word' id='word_1_144' title='bbox 1085 1382 1136 1424; x_wconf 81' lang='lat' dir='ltr'>C.</span> <span class='ocrx_word' id='word_1_145' title='bbox 1155 1379 1336 1424; x_wconf 85' lang='lat' dir='ltr'>Neroni</span> 
     </span>
     <span class='ocr_line' id='line_1_23' title="bbox 160 1437 1337 1511; baseline -0.018 -13"><span class='ocrx_word' id='word_1_146' title='bbox 160 1455 271 1511; x_wconf 76' lang='lat' dir='ltr'>fuit,</span> <span class='ocrx_word' id='word_1_147' title='bbox 307 1452 358 1496; x_wconf 87' lang='lat' dir='ltr'>P.</span> <span class='ocrx_word' id='word_1_148' title='bbox 379 1451 580 1501; x_wconf 80' lang='lat' dir='ltr'>Tettius,</span> <span class='ocrx_word' id='word_1_149' title='bbox 617 1446 728 1488; x_wconf 85' lang='lat' dir='ltr'>haec</span> <span class='ocrx_word' id='word_1_150' title='bbox 755 1444 911 1485; x_wconf 85' lang='lat' dir='ltr'>eadem</span> <span class='ocrx_word' id='word_1_151' title='bbox 937 1456 983 1483; x_wconf 87' lang='lat' dir='ltr'>se</span> <span class='ocrx_word' id='word_1_152' title='bbox 1001 1437 1242 1496; x_wconf 84' lang='lat' dir='ltr'>Lampsaci</span> <span class='ocrx_word' id='word_1_153' title='bbox 1261 1451 1337 1478; x_wconf 88' lang='lat' dir='ltr'>co-</span> 
     </span>
     <span class='ocr_line' id='line_1_24' title="bbox 163 1492 1336 1569; baseline -0.019 -14"><span class='ocrx_word' id='word_1_154' title='bbox 163 1527 324 1569; x_wconf 80' lang='lat' dir='ltr'>gnosse</span> <span class='ocrx_word' id='word_1_155' title='bbox 354 1507 542 1560; x_wconf 66' lang='lat' dir='ltr'>dixerit,</span> <span class='ocrx_word' id='word_1_156' title='bbox 587 1504 657 1546; x_wconf 79' lang='lat' dir='ltr'>vir</span> <span class='ocrx_word' id='word_1_157' title='bbox 692 1500 900 1542; x_wconf 75' lang='lat' dir='ltr'>omnibus</span> <span class='ocrx_word' id='word_1_158' title='bbox 941 1497 1077 1539; x_wconf 83' lang='lat' dir='ltr'>rebus</span> <span class='ocrx_word' id='word_1_159' title='bbox 1107 1492 1336 1537; x_wconf 86' lang='lat' dir='ltr'>ornatissi-</span> 
     </span>
     <span class='ocr_line' id='line_1_25' title="bbox 163 1549 1395 1617; baseline -0.019 -6"><span class='ocrx_word' id='word_1_160' title='bbox 163 1584 265 1611; x_wconf 87' lang='lat' dir='ltr'>mus</span> <span class='ocrx_word' id='word_1_161' title='bbox 289 1567 339 1608; x_wconf 88' lang='lat' dir='ltr'>C.</span> <span class='ocrx_word' id='word_1_162' title='bbox 358 1565 510 1607; x_wconf 87' lang='lat' dir='ltr'>Varro</span> <span class='ocrx_word' id='word_1_163' title='bbox 525 1594 537 1617; x_wconf 88' lang='lat'>,</span> <span class='ocrx_word' id='word_1_164' title='bbox 576 1560 652 1617; x_wconf 88' lang='lat' dir='ltr'>qui</span> <span class='ocrx_word' id='word_1_165' title='bbox 670 1567 770 1600; x_wconf 91' lang='lat' dir='ltr'>tum</span> <span class='ocrx_word' id='word_1_166' title='bbox 795 1557 844 1598; x_wconf 87' lang='lat' dir='ltr'>in</span> <span class='ocrx_word' id='word_1_167' title='bbox 864 1555 973 1597; x_wconf 86' lang='lat' dir='ltr'>Asia</span> <span class='ocrx_word' id='word_1_168' title='bbox 986 1553 1200 1595; x_wconf 52' lang='lat' dir='ltr'>*tribunus</span> <span class='ocrx_word' id='word_1_169' title='bbox 1216 1549 1338 1592; x_wconf 85' lang='lat' dir='ltr'>mili-</span> <span class='ocrx_word' id='word_1_170' title='bbox 1392 1564 1395 1567; x_wconf 47' lang='lat'>¹</span> 
     </span>
     <span class='ocr_line' id='line_1_26' title="bbox 162 1608 1339 1677; baseline -0.018 -10"><span class='ocrx_word' id='word_1_171' title='bbox 162 1633 265 1666; x_wconf 82' lang='lat' dir='ltr'>tum</span> <span class='ocrx_word' id='word_1_172' title='bbox 285 1623 387 1677; x_wconf 76' lang='lat' dir='ltr'>fuit,</span> <span class='ocrx_word' id='word_1_173' title='bbox 406 1621 515 1661; x_wconf 78' lang='lat' dir='ltr'>haec</span> <span class='ocrx_word' id='word_1_174' title='bbox 536 1618 693 1660; x_wconf 86' lang='lat' dir='ltr'>eadem</span> <span class='ocrx_word' id='word_1_175' title='bbox 710 1615 807 1671; x_wconf 83' lang='lat' dir='ltr'>ipsa</span> <span class='ocrx_word' id='word_1_176' title='bbox 827 1628 872 1654; x_wconf 90' lang='lat' dir='ltr'>se</span> <span class='ocrx_word' id='word_1_177' title='bbox 892 1627 950 1653; x_wconf 82' lang='lat' dir='ltr'>ex</span> <span class='ocrx_word' id='word_1_178' title='bbox 969 1608 1238 1652; x_wconf 86' lang='lat' dir='ltr'>Philodamo</span> <span class='ocrx_word' id='word_1_179' title='bbox 1259 1619 1339 1647; x_wconf 84' lang='lat' dir='ltr'>au·-</span> 
     </span>
     <span class='ocr_line' id='line_1_27' title="bbox 165 1662 1334 1732; baseline -0.019 -8"><span class='ocrx_word' id='word_1_180' title='bbox 165 1682 279 1723; x_wconf 79' lang='lat' dir='ltr'>djsse</span> <span class='ocrx_word' id='word_1_181' title='bbox 307 1680 447 1721; x_wconf 87' lang='lat' dir='ltr'>dicat:</span> <span class='ocrx_word' id='word_1_182' title='bbox 486 1673 671 1732; x_wconf 82' lang='lat' dir='ltr'>potestis</span> <span class='ocrx_word' id='word_1_183' title='bbox 690 1671 920 1722; x_wconf 83' lang='lat' dir='ltr'>dubitare,</span> <span class='ocrx_word' id='word_1_184' title='bbox 958 1665 1067 1723; x_wconf 89' lang='lat' dir='ltr'>quin</span> <span class='ocrx_word' id='word_1_185' title='bbox 1085 1665 1222 1707; x_wconf 86' lang='lat' dir='ltr'>istum</span> <span class='ocrx_word' id='word_1_186' title='bbox 1239 1662 1334 1705; x_wconf 83' lang='lat' dir='ltr'>for-</span> 
     </span>
     <span class='ocr_line' id='line_1_28' title="bbox 164 1719 1335 1791; baseline -0.019 -11"><span class='ocrx_word' id='word_1_187' title='bbox 164 1745 276 1780; x_wconf 73' lang='lat' dir='ltr'>tuna</span> <span class='ocrx_word' id='word_1_188' title='bbox 303 1741 525 1791; x_wconf 40' lang='lat' dir='ltr'>nondam</span> <span class='ocrx_word' id='word_1_189' title='bbox 553 1744 612 1772; x_wconf 83' lang='lat' dir='ltr'>ex</span> <span class='ocrx_word' id='word_1_190' title='bbox 638 1728 717 1770; x_wconf 80' lang='lat' dir='ltr'>illo</span> <span class='ocrx_word' id='word_1_191' title='bbox 747 1725 950 1784; x_wconf 85' lang='lat' dir='ltr'>periculo</span> <span class='ocrx_word' id='word_1_192' title='bbox 979 1723 1154 1778; x_wconf 87' lang='lat' dir='ltr'>eripere</span> <span class='ocrx_word' id='word_1_193' title='bbox 1178 1719 1335 1760; x_wconf 85' lang='lat' dir='ltr'>volue-</span> 
     </span>
     <span class='ocr_line' id='line_1_29' title="bbox 163 1770 1335 1849; baseline -0.018 -13"><span class='ocrx_word' id='word_1_194' title='bbox 163 1795 240 1849; x_wconf 79' lang='lat' dir='ltr'>rit,</span> <span class='ocrx_word' id='word_1_195' title='bbox 267 1806 400 1849; x_wconf 85' lang='lat' dir='ltr'>quam</span> <span class='ocrx_word' id='word_1_196' title='bbox 419 1789 475 1830; x_wconf 90' lang='lat' dir='ltr'>ad</span> <span class='ocrx_word' id='word_1_197' title='bbox 495 1795 696 1830; x_wconf 77' lang='lat' dir='ltr'>vestrum</span> <span class='ocrx_word' id='word_1_198' title='bbox 713 1782 933 1826; x_wconf 85' lang='lat' dir='ltr'>iudicium</span> <span class='ocrx_word' id='word_1_199' title='bbox 957 1770 1221 1821; x_wconf 74' lang='lat' dir='ltr'>reservare?</span> <span class='ocrx_word' id='word_1_200' title='bbox 1248 1773 1335 1816; x_wconf 83' lang='lat' dir='ltr'>Ni-</span> 
     </span>
     <span class='ocr_line' id='line_1_30' title="bbox 164 1831 1335 1898; baseline -0.019 -5"><span class='ocrx_word' id='word_1_201' title='bbox 164 1852 201 1893; x_wconf 88' lang='lat' dir='ltr'>si</span> <span class='ocrx_word' id='word_1_202' title='bbox 220 1865 328 1892; x_wconf 82' lang='lat' dir='ltr'>vero</span> <span class='ocrx_word' id='word_1_203' title='bbox 347 1846 462 1889; x_wconf 82' lang='lat' dir='ltr'>illud</span> <span class='ocrx_word' id='word_1_204' title='bbox 484 1845 624 1896; x_wconf 85' lang='lat' dir='ltr'>dicet,</span> <span class='ocrx_word' id='word_1_205' title='bbox 652 1840 772 1898; x_wconf 84' lang='lat' dir='ltr'>quod</span> <span class='ocrx_word' id='word_1_206' title='bbox 792 1847 850 1894; x_wconf 89' lang='lat' dir='ltr'>et,</span> <span class='ocrx_word' id='word_1_207' title='bbox 870 1837 919 1879; x_wconf 87' lang='lat' dir='ltr'>in</span> <span class='ocrx_word' id='word_1_208' title='bbox 945 1832 1204 1878; x_wconf 86' lang='lat' dir='ltr'>testimonio</span> <span class='ocrx_word' id='word_1_209' title='bbox 1224 1831 1335 1873; x_wconf 79' lang='lat' dir='ltr'>Tet-</span> 
     </span>
     <span class='ocr_line' id='line_1_31' title="bbox 161 1888 1335 1963; baseline -0.018 -14"><span class='ocrx_word' id='word_1_210' title='bbox 161 1907 238 1963; x_wconf 71' lang='lat' dir='ltr'>tii,</span> <span class='ocrx_word' id='word_1_211' title='bbox 303 1905 456 1962; x_wconf 83' lang='lat' dir='ltr'>priore</span> <span class='ocrx_word' id='word_1_212' title='bbox 496 1901 670 1942; x_wconf 86' lang='lat' dir='ltr'>actione</span> <span class='ocrx_word' id='word_1_213' title='bbox 707 1892 1013 1951; x_wconf 78' lang='lat' dir='ltr'>interpellavit</span> <span class='ocrx_word' id='word_1_214' title='bbox 1039 1888 1335 1932; x_wconf 86' lang='lat' dir='ltr'>Hortensius:</span> 
     </span>
     <span class='ocr_line' id='line_1_32' title="bbox 160 1942 1334 2022; baseline -0.02 -16"><span class='ocrx_word' id='word_1_215' title='bbox 160 1962 269 2022; x_wconf 91' lang='lat' dir='ltr'>(quo</span> <span class='ocrx_word' id='word_1_216' title='bbox 297 1970 503 2017; x_wconf 87' lang='lat' dir='ltr'>tempore</span> <span class='ocrx_word' id='word_1_217' title='bbox 528 1955 710 2012; x_wconf 88' lang='lat' dir='ltr'>quidem</span> <span class='ocrx_word' id='word_1_218' title='bbox 727 1952 844 2008; x_wconf 85' lang='lat' dir='ltr'>signi</span> <span class='ocrx_word' id='word_1_219' title='bbox 861 1950 964 1992; x_wconf 85' lang='lat' dir='ltr'>satis</span> <span class='ocrx_word' id='word_1_220' title='bbox 985 1947 1129 2004; x_wconf 64' lang='lat' dir='ltr'>dedit,</span> <span class='ocrx_word' id='word_1_221' title='bbox 1164 1945 1202 1987; x_wconf 93' lang='lat' dir='ltr'>si</span> <span class='ocrx_word' id='word_1_222' title='bbox 1224 1942 1334 2000; x_wconf 83' lang='lat' dir='ltr'>quid</span> 
     </span>
     <span class='ocr_line' id='line_1_33' title="bbox 163 2011 1342 2075; baseline -0.02 -12"><span class='ocrx_word' id='word_1_223' title='bbox 163 2028 301 2075; x_wconf 80' lang='lat' dir='ltr'>esset,</span> <span class='ocrx_word' id='word_1_224' title='bbox 328 2015 447 2074; x_wconf 87' lang='lat' dir='ltr'>quod</span> <span class='ocrx_word' id='word_1_225' title='bbox 466 2020 617 2072; x_wconf 84' lang='lat' dir='ltr'>posset</span> <span class='ocrx_word' id='word_1_226' title='bbox 637 2011 800 2062; x_wconf 87' lang='lat' dir='ltr'>dicere,</span> <span class='ocrx_word' id='word_1_227' title='bbox 830 2023 874 2049; x_wconf 91' lang='lat' dir='ltr'>se</span> <span class='ocrx_word' id='word_1_228' title='bbox 893 2015 1042 2047; x_wconf 85' lang='lat' dir='ltr'>tacere</span> <span class='ocrx_word' id='word_1_229' title='bbox 1065 2018 1159 2044; x_wconf 88' lang='lat' dir='ltr'>non</span> <span class='ocrx_word' id='word_1_230' title='bbox 1178 2013 1342 2058; x_wconf 64' lang='lat' dir='ltr'>posse3⁴</span> 
     </span>
     <span class='ocr_line' id='line_1_34' title="bbox 163 2056 1334 2132; baseline -0.02 -12"><span class='ocrx_word' id='word_1_231' title='bbox 163 2086 237 2132; x_wconf 85' lang='lat' dir='ltr'>ut,</span> <span class='ocrx_word' id='word_1_232' title='bbox 286 2072 502 2132; x_wconf 86' lang='lat' dir='ltr'>quamdiu</span> <span class='ocrx_word' id='word_1_233' title='bbox 529 2069 577 2112; x_wconf 91' lang='lat' dir='ltr'>in</span> <span class='ocrx_word' id='word_1_234' title='bbox 606 2066 765 2109; x_wconf 81' lang='lat' dir='ltr'>ceteris</span> <span class='ocrx_word' id='word_1_235' title='bbox 798 2065 932 2107; x_wconf 86' lang='lat' dir='ltr'>rebus</span> <span class='ocrx_word' id='word_1_236' title='bbox 958 2059 1174 2114; x_wconf 78' lang='lat' dir='ltr'>tacuerit,</span> <span class='ocrx_word' id='word_1_237' title='bbox 1218 2056 1334 2098; x_wconf 81' lang='lat' dir='ltr'>scire</span> 
     </span>
    </p>
   </div>
   <div class='ocr_carea' id='block_1_3' title="bbox 302 2160 470 2168">
    <p class='ocr_par' dir='ltr' id='par_1_3' title="bbox 302 2160 470 2168">
     <span class='ocr_line' id='line_1_35' title="bbox 302 2160 470 2168; baseline 0 323"><span class='ocrx_word' id='word_1_238' title='bbox 302 2160 470 2168; x_wconf 95' lang='lat' dir='ltr'> </span> 
     </span>
    </p>
   </div>
   <div class='ocr_carea' id='block_1_4' title="bbox 163 2164 294 2172">
    <p class='ocr_par' dir='ltr' id='par_1_4' title="bbox 163 2164 294 2172">
     <span class='ocr_line' id='line_1_36' title="bbox 163 2164 294 2172; baseline 0 319"><span class='ocrx_word' id='word_1_239' title='bbox 163 2164 294 2172; x_wconf 95' lang='lat' dir='ltr'> </span> 
     </span>
    </p>
   </div>
   <div class='ocr_carea' id='block_1_5' title="bbox 157 2195 1335 2299">
    <p class='ocr_par' dir='ltr' id='par_1_5' title="bbox 157 2195 1335 2299">
     <span class='ocr_line' id='line_1_37' title="bbox 208 2195 1335 2256; baseline -0.018 -7"><span class='ocrx_word' id='word_1_240' title='bbox 208 2223 242 2256; x_wconf 88' lang='grc'>1)</span> <span class='ocrx_word' id='word_1_241' title='bbox 262 2215 417 2247; x_wconf 67' lang='lat' dir='ltr'>Hotom.</span> <span class='ocrx_word' id='word_1_242' title='bbox 452 2212 552 2244; x_wconf 81' lang='lat' dir='ltr'>coni.</span> <span class='ocrx_word' id='word_1_243' title='bbox 583 2203 825 2254; x_wconf 82' lang='lat' dir='ltr'>quamobrem</span> <span class='ocrx_word' id='word_1_244' title='bbox 845 2198 1009 2236; x_wconf 83' lang='lat' dir='ltr'>evenerit</span> <span class='ocrx_word' id='word_1_245' title='bbox 1032 2206 1094 2234; x_wconf 81' lang='lat' dir='ltr'>aut</span> <span class='ocrx_word' id='word_1_246' title='bbox 1112 2195 1203 2245; x_wconf 84' lang='lat' dir='ltr'>quid</span> <span class='ocrx_word' id='word_1_247' title='bbox 1231 2206 1335 2230; x_wconf 83' lang='lat' dir='ltr'>com-</span> 
     </span>
     <span class='ocr_line' id='line_1_38' title="bbox 157 2269 313 2299; baseline -0.019 0"><span class='ocrx_word' id='word_1_248' title='bbox 157 2269 313 2299; x_wconf 72' lang='lat' dir='ltr'>miseru-</span> 
     </span>
    </p>
   </div>
  </div>
 </body>
</html>
