1416 2480
279 162 421 200 LIBER
444 161 675 198 TERTIUS.
734 162 839 197 CAP.
869 171 923 207 ¹9·
1170 166 1216 205 45

167 255 301 302 XIX.
337 254 412 298 Tu
446 254 558 298 mihi
595 255 732 298 etiam
767 253 903 297 audes
940 254 1219 297 mentionem

55 314 204 358 facere
232 306 561 358 decumarum?
597 312 670 353 Tu
698 312 746 354 in
773 310 1220 368 tantaimprobitate,

56 378 110 413 tu
133 370 182 413 in
206 377 328 413 tanta
347 369 612 424 acerbitate,
652 368 697 410 in
715 376 783 411 tot
803 374 847 408 et
870 368 1005 409 tantis
1030 367 1221 424 inim-iis,

58 441 199 485 quum
224 426 273 468 in
300 425 602 481 arationibus,
639 433 681 466 et
702 425 747 466 in
769 438 924 466 earum
948 439 1101 466 rerum
1121 423 1219 467 iure

59 479 290 542 provincia
309 480 459 525 Sicilia
481 481 705 537 consistat,
725 479 885 522 eversis
906 478 1106 523 funditus
1126 497 1224 523 ara-

57 538 253 594 toribus,
291 537 459 580 relictis
477 538 619 594 agris,
650 552 788 594 quum
808 535 855 577 in
880 536 1111 592 provincia
1128 545 1222 580 tam

59 594 297 652 locupleti¹
338 609 387 636 ac
414 594 606 649 referta,
645 610 736 635 non
763 592 898 635 modo
921 609 1041 649 rem,
1071 594 1146 636 sed
1164 610 1223 637 ne

58 668 78 694 s
114 667 186 694 em
212 652 396 708 quidem
424 651 562 692 uliam
581 651 797 707 reliquam
817 648 1023 706 cuiquam
1050 649 1226 707 feceris,

61 667 232 765 aYiquid
261 716 303 750 te
330 707 548 765 populare
566 706 742 762 putabis
772 706 960 762 habere,
999 722 1138 764 quum
1159 708 1226 749 di-

61 780 159 822 ces,
195 772 240 806 te
292 764 428 820 luris,
465 778 597 820 quam
620 771 814 818 ceteros,
843 764 1052 805 decumas
1074 764 1227 805 vendi-

62 815 214 864 disse?
268 821 389 873 „uas‘i
416 835 523 861 vero
559 827 635 861 aut
658 819 853 877 populus
879 819 1113 862 Romanus
1139 819 1226 863 hoc

62 877 279 933 voluerit,
317 885 394 918 aut
422 884 597 918 senatus
625 876 712 918 hoc
732 874 810 917 tibi
830 875 1133 932 mandaverit,
1162 886 1227 934 ut,

65 947 207 990 quum
237 948 392 975 omnes
429 940 660 974 aratorum
695 931 897 974 fortunas
934 933 1229 976 decumarum

66 990 251 1032 nomine
270 990 490 1046 eriperes,
519 989 566 1030 in
586 996 819 1045 posterum
835 990 988 1030 fructu
1005 988 1084 1030 illo
1107 1005 1231 1032 com-

65 1046 291 1103 modoque
311 1045 377 1087 rei
396 1045 716 1088 frumentariae
735 1045 955 1102 populum
972 1045 1232 1089 Romanum

102 1102 290 1144 rivares:
327 1102 510 1157 deinde,
547 1101 582 1143 si
614 1115 747 1157 quam
775 1109 952 1158 partem
980 1109 1083 1144 tuae
1102 1118 1232 1160 prae-

66 1117 151 1200 Eae
179 1158 234 1199 ad
262 1172 487 1200 summam
504 1157 797 1199 decumarum
816 1157 1082 1214 addidisses,
1118 1159 1232 1202 bene

69 1214 125 1256 de
148 1214 319 1272 populo
347 1214 554 1256 Romano
585 1212 772 1255 meritus
802 1213 1017 1256 viderere.
1083 1216 1233 1273 Atque

69 1269 212 1312 haec²
245 1270 432 1328 perinde
459 1270 642 1327 loquor,
682 1270 805 1326 quasi
834 1269 881 1311 in
909 1285 961 1312 eo
989 1271 1046 1313 sit
1072 1272 1235 1329 iniqui-

72 1334 140 1368 tas
164 1326 258 1369 e‘ius
283 1325 680 1384 reprehendenda,
719 1327 839 1382 quod
858 1335 1047 1385 propter
1065 1329 1236 1385 gloriae

72 1383 391 1439 cupiditatem,
446 1391 495 1424 ut
525 1383 695 1439 aliquos
732 1397 909 1425 summa
941 1384 1235 1427 decumarum

71 1439 298 1494 vinceret,
345 1439 621 1481 acerbiorem
658 1440 828 1496 legem,
881 1440 1063 1484 duriora
1094 1442 1237 1485 edicta

72 1495 417 1552 interposuerit,
452 1496 656 1538 omnium
683 1497 969 1551 superiorum
997 1498 1241 1540 auctorita·

77 1558 169 1594 tem
196 1551 459 1606 repudiarit.
522 1552 693 1610 Magno
720 1561 771 1594 tu
803 1552 1013 1596 decumas
1040 1555 1241 1597 vendidi-

71 1608 147 1649 ·sti.
222 1602 380 1665 Quid?
418 1609 453 1650 si
484 1609 647 1664 doceo,
681 1620 725 1650 te
757 1625 849 1651 non
878 1609 1026 1652 minus
1053 1611 1239 1653 domum

76 1670 205 1706 tuam
232 1664 466 1717 avertisse,
511 1679 646 1721 quam
672 1665 865 1707 Romam
900 1667 1070 1709 misisse
1108 1671 1242 1709 decu·

79 1733 257 1762 marum
293 1716 520 1763 nomine?
568 1722 673 1777 quid
707 1720 840 1762 habet
875 1723 1094 1779 populare
1126 1725 1241 1766 ratio

81 1783 182 1832 tua,
230 1792 364 1833 quum
404 1791 462 1818 ex
496 1778 728 1834 provincia
764 1779 922 1834 populi
950 1779 1145 1822 Romani
1173 1796 1244 1822 ae-

78 1846 217 1929 {uam
244 1840 420 1890 partem
450 1842 499 1875 tu
519 1833 600 1876 tibi
620 1834 884 1921 sumpseris,
921 1843 1051 1892 atque
1071 1836 1244 1894 populo

129 1903 291 1931 omano
319 1883 533 1932 miseris?
577 1889 725 1945 Quid.
779 1889 815 1931 si
844 1891 1016 1933 duabus
1041 1893 1244 1950 partibus

82 1941 224 1986 doceo
259 1953 303 1999 te
339 1945 530 2002 amplius
559 1946 774 1989 frumenti
817 1947 1073 2004 abstulisse,
1113 1965 1246 2006 quam

83 2001 255 2056 populo
281 1999 491 2044 Romano
534 1998 747 2045 misisse?
792 2011 1000 2046 tamenne
1035 2013 1247 2062 putamus

136 2142 168 2178 ι)
196 2136 279 2171 locu
308 2137 371 2173 leti
399 2140 551 2184 scripsit
581 2138 692 2172 Beck.
723 2141 953 2174 auctoritate
984 2140 1176 2176 Prisciani
1207 2154 1247 2189 p.

88 2183 166 2229 765.
191 2182 251 2217 cd.
305 2184 422 2218 uesch.
475 2185 597 2230 Vulgo
618 2185 820 2231 locuplete.

133 2233 172 2274 2)
195 2230 241 2264 ln
265 2231 370 2269 Grue,
397 2232 540 2269 Gran),
560 2230 650 2265 Em.
672 2233 850 2265 omissum
867 2230 974 2266 haec.
