1416 2480
293 161 436 198 unsa
461 133 702 208 oum-rus.
753 160 856 197 cam.
884 162 940 204 63.
965 162 1026 209 69.
1190 168 1259 210 375

86 265 131 300 et
159 255 341 314 longius
368 254 582 312 progredi
607 268 665 296 ne
689 254 822 296 sinas.
880 254 1053 311 Magno
1074 259 1154 296 tuo
1176 269 1256 310 pe·

83 312 230 358 riculo
268 310 529 367 peccabitur
564 312 611 353 in
659 311 745 353 hoc
792 310 960 352 iudicio
981 325 993 365 3
1058 310 1256 368 maiore,

82 383 221 429 quam
258 376 401 426 putas.
488 367 623 424 Quod
665 367 786 409 enim
815 375 858 408 te
893 367 1136 409 liberatum
1163 365 1255 410 iam

83 424 433 468 existimationis
467 431 628 479 metu,
678 422 944 466 defunctum
982 422 1254 480 honoribus,

82 481 369 538 designatum
388 480 620 530 consulem
641 480 831 535 cogites:
861 479 974 521 mihi
994 479 1151 536 crede,
1180 495 1256 522 or-

82 543 295 580 namenta
323 537 409 578 ista
440 544 484 577 et
512 535 729 578 beneficia
755 535 916 593 populi
943 536 1140 580 Romani
1158 550 1251 580 non

80 594 257 636 minore
284 593 466 649 negotio
498 593 775 648 retinentur,
823 593 956 647 Quam
986 607 1254 648 comparan-

80 657 169 693 tur.
227 649 356 690 Tulit
382 648 492 691 haec
524 649 698 704 civitas,
730 648 878 704 quoad
899 649 1073 705 potuit3
1102 649 1249 706 quoad

79 719 262 750 necesse
282 704 393 759 fuit,
423 705 594 761 regiam
615 705 746 747 istam
766 712 958 746 vestram
980 703 1250 748 dominatio-

77 776 185 806 nem
213 763 263 804 in
292 762 472 804 iudiciis
502 769 547 803 et
586 762 636 802 in
672 761 799 804 omni
835 775 884 804 re
921 759 1098 818 publica
1129 760 1250 803 tulin

77 818 166 861 Sed
196 833 285 884 quo
313 818 384 860 die
405 818 576 875 popuJO
595 817 802 860 Romano
823 817 995 860 tribuni
1013 816 1155 875 plebis
1175 830 1248 859 re·-

75 875 224 917 sn'tutl
242 880 364 930 sunt,
396 875 547 917 omnia
570 875 652 917 ista
671 873 794 916 vobis
826 872 876 933 (si
896 872 1014 916 forte
1039 873 1245 917 nondum

75 927 348 989 intelligitis)
374 928 584 988 adempta
605 938 738 986 atque
752 937 910 988 erepta
928 937 1043 972 sunt.
1081 929 1246 973 Omni-

73 1001 155 1029 um
182 1002 304 1030 nunc
333 985 454 1029 oculi
476 988 666 1029 coniecti
686 995 791 1028 sunt
820 986 907 1028 hoc
923 986 1019 1043 ipso
1038 994 1245 1043 tempore

73 1043 123 1085 in
155 1058 428 1101 unumquem
464 1059 520 1086 ue
547 1051 775 1097 nostrum,
825 1057 911 1100 qua
939 1042 1026 1085 fide
1061 1055 1144 1098 ego
1172 1058 1243 1085 ac-

74 1115 226 1142 cusem
320 1114 374 1141 un
402 1059 621 1158 reiigione
648 1099 696 1141 hi
722 1099 944 1155 iudicent,
983 1114 1069 1156 qua
1095 1106 1147 1141 tu
1171 1114 1243 1143 ra·-

71 1157 196 1199 tione
224 1116 451 1199 ‹iefgiandaffi
539 1156 610 1199 Dc
638 1156 847 1197 omnibus
874 1156 1028 1211 nobis,
1075 1155 1114 1197 si
1142 1155 1242 1219 quis

69 1213 299 1255 tantulum
328 1213 382 1254 de
408 1221 530 1256 recta
549 1212 732 1268 regione
755 1212 1019 1268 deflexerit3
1051 1225 1146 1254 non
1162 1211 1240 1256 llla

69 1269 205 1311 tacita
226 1269 523 1324 existimatio,
554 1283 689 1324 quam
709 1276 839 1310 antea
860 1277 1150 1321 contemnere
1170 1283 1240 1311 so-

67 1323 253 1380 lebatis,
290 1326 369 1368 sed
395 1326 637 1368 vehemens
666 1339 715 1366 ac
742 1324 938 1368 liberum
965 1325 1128 1389 populi
1146 1325 1241 1368 Ro-

68 1381 192 1423 mani
211 1380 428 1424 iudicium
448 1388 759 1437 consequetur.
801 1381 941 1424 Nulla
957 1381 1065 1438 tibl,
1093 1381 1239 1438 Quin-

66 1445 139 1492 te,
180 1451 286 1479 cum
309 1437 395 1480 isto
422 1437 635 1494 cognatio
655 1445 745 1494 est,
788 1437 912 1480 nulla
931 1437 1238 1481 necessitudo:

66 1493 229 1549 quibus
258 1494 620 1536 excusationibus
639 1501 770 1536 antea
794 1494 986 1537 nimium
1014 1495 1062 1538 in
1087 1494 1238 1551 aliquo

64 1549 268 1592 iudicio¹
300 1551 498 1593 studium
522 1550 912 1593 tuumdefendere
939 1550 1138 1603 solebam,
1164 1564 1237 1592 ea·

63 1620 168 1647 rum
187 1605 353 1648 habere
373 1607 418 1649 in
437 1606 524 1648 hoc
543 1605 726 1648 homine
748 1607 921 1650 nullam
939 1615 1082 1664 potes.
1105 1606 1234 1660 Quae

63 1662 147 1704 iste
172 1661 220 1703 in
245 1663 478 1719 provincia
506 1663 657 1720 palam
687 1662 941 1718 dictitabat,
991 1676 1130 1719 quum
1158 1677 1233 1719 ea,

65 1732 178 1774 quae
205 1717 420 1773 faciebat,
467 1727 544 1760 tua
571 1732 616 1759 se
651 1718 814 1760 fiducia
849 1718 995 1761 facere
1033 1718 1235 1773 dicebat,

65 1789 117 1817 ea
144 1789 201 1816 ne
230 1789 333 1816 vera
362 1781 605 1830 putentur,
651 1774 734 1816 tibi
760 1775 960 1817 maxime
987 1783 1055 1817 est
1082 1773 1236 1832 provi-

62 1830 276 1872 dendum.

25 1917 28 1919 >
173 1885 352 1929 LXIX.
381 1885 481 1941 Ego
500 1886 590 1929 mei
608 1886 699 1930 iam
719 1887 942 1929 rationem
967 1885 1107 1930 officii
1126 1900 1233 1929 con-

61 1941 154 1986 fido
183 1958 275 1985 esse
303 1942 512 1985 omnibus
541 1943 866 2000 iniquissimiffl
894 1943 1008 1987 meis
1027 1941 1233 2001 persolu-

112 2067 150 2114 ι)
173 2068 216 2102 ixa
238 2067 465 2114 defensione
486 2068 672 2104 Varronis
692 2070 758 2116 qui
779 2078 862 2104 erat
880 2070 1080 2104 Hortensii
1098 2079 1231 2103 conso·

61 2112 204 2147 hrinus.

107 2162 144 2200 2)
180 2158 378 2207 Significat
405 2172 446 2193 se
474 2162 542 2196 vel
570 2162 818 2208 iniquissimis
849 2161 1008 2196 arbitris
1040 2162 1137 2196 satis
1153 2160 1229 2206 fa-

61 2215 162 2238 ctum
192 2215 246 2240 est
272 2215 422 2252 putare.
495 2206 597 2250 Ergo
627 2207 723 2240 nih-il
753 2219 846 2251 opus
885 2217 939 2243 cst
967 2206 1229 2241 inimicissimi·

61 2262 112 2284 ex
135 2256 352 2286 coniectura
377 2252 558 2288 Lambini
587 2265 782 2299 reponere.
