1416 2480
316 154 459 192 LIBER
484 152 715 190 TERTIUS.
755 153 858 190 CAP.
884 159 942 195 25.
965 151 1023 189 26.
1208 160 1255 196 55·

80 248 278 305 Lollius,
316 257 458 291 aetate
488 256 534 291 et
557 246 718 291 morbo
742 246 1010 311 impeditus?
1047 245 1103 288 ad
1121 246 1243 288 testi-

79 305 284 347 monium
311 304 551 347 dicendum
574 304 726 347 venire
755 318 847 345 non
875 311 1036 359 potunt.
1114 301 1239 358 Quid

78 375 193 418 opus
212 369 278 403 est
297 357 485 404 Lollio?
523 375 655 403 nemo
676 359 761 402 hoc
782 360 947 413 nescit3
985 370 1119 402 nemo
1137 366 1238 400 tuo-

75 431 181 458 rum
200 415 465 473 nmicorum,
485 431 618 459 nomo
639 417 714 458 abs
734 424 775 457 te
793 415 1062 472 productus,
1101 429 1238 456 nemo

77 473 252 515 interro
283 479 414 515 atus¹
455 489 577 515 nunc
605 488 650 514 se
678 472 878 528 primum
906 472 991 513 hoc
1019 472 1136 513 dicet
1163 485 1241 512 au-

77 529 187 570 dire.
252 488 319 571 31.
347 529 548 584 Lollius,
587 529 681 570 eius
709 528 849 582 filius,
889 527 1144 569 adolescens
1173 527 1236 568 Ie-

76 585 298 627 ctissimus
330 593 510 643 praesto
548 593 645 632 est:
699 583 830 624 huius
865 583 1000 625 verba
1037 582 1238 625 audietis.

74 641 196 682 Nam
217 640 271 697 Q.
289 641 466 683 Lollius
494 643 587 683 cius
615 641 755 692 filius,
807 640 881 695 qui
908 639 1136 681 Calidium
1161 653 1234 679 ac-

73 698 267 752 cusavit,
305 697 559 739 adolescens
587 706 630 739 et
658 697 823 748 bonus,
859 702 904 737 et
924 694 1076 750 fortis,
1120 702 1163 736 et
1182 695 1231 736 in

72 752 232 816 primis
259 754 472 808 disertus,
508 768 647 809 quum
670 753 735 793 his
762 751 934 793 iniuriis
963 751 1230 793 contumeli-

71 823 196 864 1sque
217 817 466 851 commotus
487 811 532 851 in
553 809 750 851 Siciliam
772 816 883 849 esset
897 806 1125 864 profectus
1139 839 1151 859 ‚
1179 806 1228 848 in

69 865 232 907 itinere
261 865 432 908 occisus
461 873 538 908 est.
604 865 741 907 Cuius
762 864 921 905 mortis
952 877 1130 904 causam
1157 862 1230 904 fu-

71 919 197 977 gitivi
226 922 467 976 sustinent3
505 935 553 963 re
583 921 764 977 quidem
793 934 897 961 vera
924 934 1058 960 nemo
1085 919 1134 960 in
1155 918 1225 960 Si·-

72 975 173 1017 cilia
199 976 394 1033 dubitat,
439 978 549 1034 quin
576 990 628 1019 eo
657 977 713 1018 sit
748 975 938 1029 occisus,
987 975 1107 1031 quod
1146 974 1225 1016 ha-

73 1032 177 1073 bere
196 1032 343 1075 clausa
362 1049 454 1076 non
470 1034 668 1091 potuerit
685 1047 763 1075 sua
783 1031 968 1073 consilia
988 1032 1042 1072 de
1061 1030 1226 1084 Verre.

70 1087 159 1130 Iste
187 1102 323 1144 porro
349 1103 442 1131 non
468 1089 721 1143 dubitabat,
757 1086 865 1144 quin
890 1088 951 1142 is,
989 1087 1066 1150 qui
1095 1094 1226 1128 antea

69 1143 209 1185 alium
245 1145 392 1186 studio
418 1145 633 1187 adductus
670 1151 937 1198 accusasset,
987 1142 1070 1184 s1bi
1097 1142 1228 1184 adve-

68 1199 213 1242 nienti
230 1208 407 1257 praesto
429 1207 540 1243 esset
557 1199 751 1255 futurus,
778 1213 916 1256 quum
936 1206 1049 1240 esset
1066 1212 1227 1255 paren·-

66 1255 124 1297 tis
142 1255 318 1298 iniuriis
337 1264 382 1298 et
403 1256 646 1299 domestico
666 1256 821 1299 dolore
849 1262 1114 1297 commotus.

155 1367 336 1411 XXVI.
364 1370 515 1411 Iamne
534 1368 799 1425 intelligitis,
817 1368 1001 1423 iudices,
1019 1382 1130 1424 quae
1149 1381 1229 1423 pe-

70 1424 162 1488 stis?
174 1439 284 1481 quae
297 1424 550 1467 immanitas
567 1425 613 1467 in
626 1432 769 1467 vestra
787 1423 1108 1480 antiquissima,
1124 1423 1232 1464 fide-

66 1479 251 1535 lismma,
270 1481 562 1538 proximaque
583 1480 812 1537 provincia
830 1487 1002 1522 versata
1021 1475 1111 1522 sit?
1134 1479 1230 1520 Iam

68 1535 253 1591 videtis,
280 1551 411 1593 quam
433 1538 490 1578 ob
509 1551 688 1579 causam
708 1536 855 1578 Sicilia
868 1569 881 1592 ‚
906 1543 973 1578 tot
990 1536 1228 1577 hominum

71 1599 201 1634 antea
218 1593 362 1648 furta,
390 1594 591 1651 rapinas,
627 1593 905 1648 iniquitates,
923 1591 1228 1648 *ignominias-

68 1662 156 1704 que
174 1663 382 1706 perpessa
394 1681 406 1704 ‚
433 1664 525 1691 non
543 1651 741 1705 potuerit
758 1649 844 1690 hoc
859 1663 1051 1703 novum,
1076 1647 1228 1688 aesin-

71 1703 243 1762 gulare,
269 1712 399 1760 atque
410 1705 669 1747 incredibile
682 1718 822 1760 genus
839 1704 1106 1746 iniuriarum
1117 1718 1224 1744 con-

68 1760 443 1816 tumeliarumque
479 1761 694 1817 perferre.
757 1760 851 1801 Iam
881 1775 1035 1801 omnes
1063 1759 1227 1800 intelli-

71 1824 206 1871 gunt,
233 1831 314 1857 cur
333 1817 535 1858 universa
554 1815 782 1873 provincia
810 1815 1091 1857 defensorem
1119 1829 1224 1857 suae

71 1871 223 1913 salutis
243 1887 345 1913 eum
375 1873 662 1928 quaesiverit,
686 1876 706 1896 2
735 1872 860 1912 cuius
886 1871 968 1913 iste
996 1871 1122 1927 fidei,
1159 1871 1224 1912 di-

71 1924 305 1984 ligentiae,
350 1928 728 1986 perseverantiae,
764 1928 891 1970 nulla
909 1928 1081 1969 ratione
1111 1927 1225 1983 eripi

129 2077 161 2112 t)
189 2074 253 2108 Im
285 2078 467 2112 Gruterus
493 2080 657 2122 primum
694 2076 1081 2111 edielic¹auce0r1tate
1113 2076 1231 2109 Nonii

79 2120 259 2172 plan-ella·
282 2134 369 2156 voc.
392 2123 621 2170 producere,·
648 2134 764 2157 antea
785 2122 968 2156 edebatur
987 2133 1096 2155 nemo
1117 2121 1226 2155 abste

81 2170 333 2212 mtermgatus.

121 2219 159 2255 2)
186 2212 250 2246 lca
279 2213 371 2247 bene
395 2218 561 2248 correxit
587 2215 770 2257 Herelius.
818 2215 947 2261 ‘Vulgo
979 2211 1167 2260 quaesivit.
