1416 2480
254 168 310 207 IN
332 164 444 207 ACT.
464 169 511 205 11.
535 168 591 206 IN
610 164 826 205 VERREM.
853 166 941 205 Lm.
962 167 993 205 1.
1133 175 1194 210 321

160 262 419 305 Ianitorem
449 261 704 321 quendam]
732 265 952 303 Ianitorem
980 276 1106 315 quum
1132 263 1198 302 di-

0 345 14 355 s
50 323 198 370 xissct,
227 321 386 360 addidit
405 318 668 377 quendam,
700 328 746 359 ut
772 321 1005 359 ostenderet
1021 334 1106 359 non
1125 333 1199 372 ap—

50 378 290 430 pellativum
310 390 458 415 nomeu
477 390 582 424 esse,
621 378 691 414 sed
711 377 936 430 proprium.

160 429 384 485 videant]
404 434 437 471 si
457 434 500 470 in
521 439 713 484 promptu
734 445 808 471 res.

161 485 479 542 investigent]
517 502 637 540 quam
674 503 756 527 nou
783 488 963 529 videant.
1028 485 1080 526 Et
1108 485 1200 527 ideo

49 545 248 597 posterius
267 545 458 597 positum.

162 598 300 638 homo
314 595 489 655 factus
518 594 584 637 ad
604 597 741 638 iscius
770 593 1012 651 libidines]
1059 598 1105 637 In
1124 611 1201 638 na-

51 657 200 695 scendo
220 669 306 694 sors
325 661 407 704 est,
435 657 479 694 in
497 656 685 695 faciendo
705 655 921 693 industria.
977 655 1086 693 Bene
1105 669 1200 707 ergo

50 723 132 752 non
155 718 298 750 natum
318 711 389 750 sed
415 712 569 750 sactum
590 712 700 749 dicit.
758 710 851 748 Non
880 712 990 748 enim
1011 718 1199 749 naturam

51 769 313 820 perductores
342 780 559 820 procreare
587 767 728 816 Verri,
773 766 843 805 sed
869 767 1005 818 ipsum
1025 768 1104 806 sibi
1125 767 1201 805 do·-

53 825 181 864 cendo
210 830 303 877 post
319 837 385 862 eos
407 822 572 875 fingere.

165 934 420 989 Cap.XXV1.
480 948 621 991 quum
648 948 761 977 suae
776 943 936 992 parces
960 929 1128 988 essent]
1156 932 1200 974 id

54 999 114 1032 est
143 993 382 1031 vicissitudo
408 999 603 1045 tangeret.
687 994 819 1032 Simul
848 995 956 1032 enim
986 993 1199 1031 ostendere

53 1050 164 1095 vult,
200 1063 273 1087 uec
301 1050 606 1101 suscipiendum
636 1050 711 1088 sibi
743 1063 827 1088 esse
847 1063 957 1087 nuuc
975 1048 1198 1100 hospitem,

54 1110 95 1143 et
116 1117 240 1156 quum
257 1105 472 1156 suscipiat,
506 1105 749 1156 condignum
768 1105 897 1143 solere
926 1105 1144 1155 suscipere.

166 1171 263 1198 una
284 1155 562 1213 cupiditate]
596 1173 693 1198 ana
714 1161 780 1199 vel
799 1161 1019 1211 praecipua
1035 1160 1104 1197 vel
1124 1173 1197 1198 ve—

52 1228 99 1254 re
117 1227 210 1253 una.
266 1213 395 1254 Extra
422 1229 543 1267 quam
571 1229 653 1254 non
681 1217 793 1268 iure,
832 1230 916 1255 non
942 1228 1078 1265 more,
1114 1229 1199 1254 uon

50 1267 285 1314 honestate.
329 1278 570 1310 moreretur.

165 1326 240 1365 ius
255 1324 410 1378 suum]
431 1327 492 1365 Ne
512 1327 710 1366 Rubrium
728 1332 951 1381 pateretur.

165 1379 446 1434 laborabat]
477 1381 606 1433 Bene,
647 1385 741 1435 quia
777 1385 936 1424 invitus
968 1388 1201 1437 susceperat

54 1439 259 1492 hospitem
279 1451 321 1476 se
345 1438 572 1490 indignum.

166 1489 283 1548 quid
310 1505 424 1547 opus
444 1492 582 1546 essec]
612 1502 658 1533 ut
685 1492 850 1535 mulieri
871 1496 1027 1535 scilicet
1044 1497 1109 1535 vis
1137 1495 1200 1534 as-

52 1551 245 1590 serretur.

171 1602 355 1644 Graeco
384 1616 512 1644 more
543 1602 801 1660 biberetur]
842 1605 1098 1654 'Grandibuffi
1134 1609 1201 1646 in-

54 1662 216 1713 quiunt,
235 1661 404 1712 poculis,
424 1668 464 1699 et
484 1664 652 1701 meracis
673 1664 923 1715 potionibus,
944 1666 1013 1716 qui
1031 1677 1116 1702 non
1135 1664 1202 1701 in·-

53 1718 246 1770 telligunt
281 1717 389 1754 dicta
417 1717 644 1765 Ciceronis,
680 1725 720 1758 et
753 1718 832 1758 hoc
863 1725 1015 1771 putant
1044 1719 1199 1757 Graeco

31 1780 34 1783 ’
54 1785 169 1812 more
188 1777 343 1825 potare.
399 1772 470 1811 Est
487 1781 622 1812 autem
642 1774 818 1813 Graecus
839 1789 944 1824 mos,
970 1773 1036 1827 (ut
1058 1774 1204 1812 Graeci

56 1827 216 1878 dicunt)
234 1832 391 1876 συμπιεῖν
408 1826 689 1880 κυαθιζομένους,
716 1842 841 1883 quum
862 1840 1019 1870 merum
1044 1828 1205 1882 cyathis

58 1883 216 1934 bibant,
246 1886 466 1925 salutantes
487 1888 618 1938 primo
638 1887 746 1935 deos,
772 1887 920 1925 deinde
941 1887 1092 1925 amicos
1110 1899 1203 1923 suos

59 1940 312 1980 nominatim.
356 1941 459 1980 Nam
479 1944 596 1980 toties
617 1955 774 1980 merum
790 1943 956 1992 bibunt,
985 1942 1143 1995 quoties
1163 1947 1203 1979 et

61 1993 156 2032 deo·
174 2001 215 2033 et
230 2007 344 2035 caros
361 2010 454 2035 suos
475 1999 717 2037 nominatim
744 2004 904 2037 vocant.

166 2059 367 2103 poscunt
386 2050 659 2106 maioribus]
690 2053 795 2092 Sunt
814 2055 885 2105 qui
903 2048 1104 2106 producta
1123 2053 1203 2090 sci·

59 2103 158 2143 linet
183 2102 219 2145 Ο
246 2107 367 2147 litera
388 2118 592 2163 poscunc
612 2114 623 2136 ¹
654 2110 814 2161 legunt,
856 2110 971 2161 quasi
996 2123 1113 2161 saepe
1133 2121 1206 2160 pe-

65 2186 127 2195 ι-.

107 2229 140 2265 ¹)
153 2223 405 2271 formuthi&
424 2234 586 2276 potitam
605 2226 812 2275 scripserat
831 2229 1033 2269 :fise-onias,
1047 2239 1082 2264 et
1099 2230 1208 2275 prm!-

63 2282 138 2316 Οἱς.
169 2283 262 2330 Opp.
293 2284 393 2319 Tam.
425 2286 468 2320 Γ.
1021 2293 1066 2318 9.]
