1416 2480
306 135 448 174 unm
473 135 703 174 TERTIUS.
753 137 858 173 CAP.
883 145 941 181 31·
968 146 1026 180 32.
1201 143 1248 185 63

78 232 161 274 stis
184 232 231 274 in
248 230 336 276 hoe
351 231 632 288 testimonio,
661 229 826 274 iudices
840 265 852 287 ,
888 232 1237 291 Apollodorum,

72 288 150 329 cui
171 287 290 345 Pyra
390 302 642 345 cognomen
661 295 751 343 est,
787 289 1034 345 principem
1054 304 1156 332 suae
1175 292 1236 334 ci-

79 343 249 399 vitatis,
302 352 613 401 acrynmntem
632 345 784 386 testari
813 359 862 386 ae
893 344 1063 401 dicere,
1101 361 1233 389 num·

75 414 210 497 guam
227 408 329 457 post
345 399 505 457 populi
515 399 706 442 Romani
726 415 892 443 nomen
911 400 964 443 ab
975 401 1136 443 Siculis
1157 418 1234 445 au-

110 455 221 498 itum
240 464 284 498 et
301 457 547 512 cognitum,
576 458 618 498 A
686 457 879 499 rinenses
901 465 1057 500 contra
1076 473 1232 514 quem-

106 526 210 554 uam
228 512 437 555 infimum
463 512 604 554 civem
638 513 656 553 l
682 527 894 555 ommium
924 513 1111 568 dixisse,
1152 523 1230 558 aut

72 527 228 610 {iecisse
277 568 501 626 uippiam,
539 568 615 624 qui
643 583 763 610 nune
789 577 947 611 contra
971 578 1229 625 praetorem

107 623 232 680 opuli
297 626 448 667 omani
466 624 639 681 magnis
653 624 853 679 iniuriis,
890 633 933 667 et
958 639 1123 681 magno
1150 626 1229 668 do·

93 694 168 721 ore
208 680 385 738 publice
417 680 725 722 testimonium
762 680 908 721 dicere
947 690 1226 737 cogerentur.

69 732 190 792 Uni,
216 736 495 791 mehercule,
535 736 638 777 huic
658 736 846 791 civitati,
886 737 1072 792 Verres,
1109 738 1225 780 obsi·

68 799 186 834 stete
206 800 280 834 tua
304 792 558 834 defensione
577 807 668 834 non
719 800 835 846 otes3
854 800 976 835 tanta
986 794 1226 838 auctoritas

69 855 135 889 est
163 848 210 890 in
236 850 393 892 eorum
425 847 658 891 hominum
709 848 925 903 demate,
967 856 1116 891 tantus
1145 850 1225 891 do·

65 903 137 945 lor
154 905 201 946 in
221 904 407 960 iniuria,
423 910 441 934 ¹
461 912 582 946 tanta
602 904 760 959 religio
778 904 824 946 in
842 905 1110 946 testimonio.
1135 905 1224 947 Ve-

69 972 173 1001 rum
192 975 283 1002 non
303 975 390 1003 uua
407 969 452 1002 te
471 968 659 1015 tantum,
689 960 765 1001 sed
786 960 1041 1013 universae,
1068 960 1223 1003 simili-

65 1014 149 1057 bus
170 1016 359 1059 afflictae
383 1017 693 1069 incommodis,
719 1016 1014 1072 legationibus
1033 1031 1082 1058 ac
1103 1017 1226 1063 testi-

66 1071 228 1114 moniis
249 1072 438 1129 publicis
455 1079 795 1130 persequuntur.
810 1079 831 1100 2

179 1185 384 1228 XXXII.
406 1186 589 1228 Etenim
612 1185 818 1242 deinceps
835 1185 1078 1242 videamus,
1098 1185 1220 1229 Her-

62 1241 244 1284 bitensis
255 1243 423 1298 civitas,
443 1242 644 1298 honesta,
663 1250 706 1283 et
717 1250 845 1285 autea
859 1242 1051 1298 copiosa,
1064 1257 1219 1300 quem-

64 1297 309 1340 admodum
335 1298 524 1355 spoliata
549 1298 603 1340 ab
631 1300 716 1340 isto
750 1313 799 1339 ac
825 1307 986 1340 vexata
1012 1300 1082 1341 sit.
1154 1299 1217 1342 At

61 1368 256 1410 quorum
277 1350 548 1396 hominum?
572 1369 850 1396 summorum
870 1362 1120 1410 aratorum,
1148 1369 1220 1396 re-

61 1410 416 1452 motissimorum
437 1426 461 1452 a
487 1410 610 1466 foro,
647 1410 846 1466 iudiciis,
881 1411 1217 1453 controversiis:

59 1465 219 1524 quibus
262 1481 409 1508 arcere
421 1474 466 1508 et
475 1467 721 1521 consulere,
742 1466 875 1508 homo
888 1467 1219 1522 impux·issime,t

50 1532 105 1564 -et
127 1481 258 1578 quod)
273 1537 413 1579 genus
441 1522 676 1564 hominum
701 1523 1019 1564 studiosissime
1038 1537 1218 1565 conser-

56 1592 162 1621 vare
185 1577 386 1620 debuisti.
432 1578 586 1620 Primo
602 1593 720 1620 anno
747 1579 982 1620 venierunt
1005 1579 1098 1620 eius
1118 1579 1215 1634 agri

48 1634 272 1676 decumae
299 1634 437 1676 tritici
463 1635 741 1676 medimnum
769 1646 946 1676 XVIII.
1010 1635 1214 1688 Audias,

56 1690 185 1732 istius
205 1690 311 1731 item
331 1691 534 1732 minister
551 1690 598 1732 in
615 1690 838 1745 decumis,
865 1705 1005 1747 quum
1023 1691 1213 1744 emisset,

57 1754 104 1787 et
130 1744 344 1802 praefecti
377 1747 556 1788 nomine
583 1760 723 1802 quum
760 1747 950 1788 venisset
976 1745 1214 1788 Herbitam

59 1815 164 1843 cum
182 1799 415 1856 Veneriis,
439 1802 649 1857 locusque
669 1802 709 1843 ei
725 1802 919 1859 publice,
949 1816 1037 1857 quo
1058 1801 1212 1843 dever-

58 1865 254 1912 teretur,
290 1857 417 1898 datus
445 1865 579 1900 esset:
611 1865 833 1913 coguntur
858 1857 1143 1899 Herbitenses
1171 1857 1212 1898 ei

57 1911 173 1954 lucri
201 1912 306 1955 dare
334 1913 470 1955 tritici
494 1913 773 1955 medimnum
803 1925 1038 1969 xxxle,
1070 1928 1209 1969 quum

101 2037 146 2083 Ί)
173 2037 234 2072 Sic:
262 2051 281 2070 e
311 2038 425 2073 codd.
455 2040 582 2074 Nann.
617 2038 818 2074 ediderunt
851 2041 938 2073 Car.
982 2037 1109 2085 Steph.
1139 2048 1208 2072 ecc.

61 2083 164 2118 Olirn
190 2093 271 2116 erac
292 2082 400 2118 dolor
422 2084 590 2120 iniuriae.

102 2135 138 2169 2)
164 2127 228 2163 Ita
257 2129 396 2165 Graev.
427 2130 520 2165 Em.
547 2144 567 2163 e
595 2131 679 2169 cod.
708 2131 845 2165 anc.
895 2131 998 2165 Olim
1028 2129 1212 2164 edebatur

58 2183 335 2221 persequemur.

103 2226 144 2266 ’5)
172 2224 298 2266 aptius
314 2219 354 2256 -Ῑι,
374 2223 399 2262 Ι,
423 2224 547 2257 visum
570 2224 738 2258 Herelio:
765 2222 1088 2271 importunissime-
