<?xml version="1.0" encoding="UTF-8"?>
<!DOCTYPE html PUBLIC "-//W3C//DTD XHTML 1.0 Transitional//EN"
    "http://www.w3.org/TR/xhtml1/DTD/xhtml1-transitional.dtd">
<html xmlns="http://www.w3.org/1999/xhtml" xml:lang="en" lang="en">
 <head>
  <title>
</title>
<meta http-equiv="Content-Type" content="text/html;charset=utf-8" />
  <meta name='ocr-system' content='tesseract 3.04.00' />
  <meta name='ocr-capabilities' content='ocr_page ocr_carea ocr_par ocr_line ocrx_word'/>
</head>
<body>
  <div class='ocr_page' id='page_1' title='image "./operaquaesupersu05ciceuoft/operaquaesupersu05ciceuoft_0059.png"; bbox 0 0 1441 2470; ppageno 0'>
   <div class='ocr_carea' id='block_1_1' title="bbox 383 127 1306 175">
    <p class='ocr_par' dir='ltr' id='par_1_1' title="bbox 383 127 1306 175">
     <span class='ocr_line' id='line_1_1' title="bbox 383 127 1306 175; baseline -0.001 -9"><span class='ocrx_word' id='word_1_1' title='bbox 383 127 529 166; x_wconf 84' lang='lat' dir='ltr'>LIBER</span> <span class='ocrx_word' id='word_1_2' title='bbox 552 128 758 165; x_wconf 82' lang='lat' dir='ltr'><strong>PRIMUS.</strong></span> <span class='ocrx_word' id='word_1_3' title='bbox 806 127 912 165; x_wconf 84' lang='lat' dir='ltr'>CAP.</span> <span class='ocrx_word' id='word_1_4' title='bbox 937 134 972 171; x_wconf 83' lang='grc'>5.</span> <span class='ocrx_word' id='word_1_5' title='bbox 997 129 1039 167; x_wconf 61' lang='lat'>6,-</span> <span class='ocrx_word' id='word_1_6' title='bbox 1259 136 1306 175; x_wconf 76' lang='lat'>&#39;51</span> 
     </span>
    </p>
   </div>
   <div class='ocr_carea' id='block_1_2' title="bbox 112 221 1319 956">
    <p class='ocr_par' dir='ltr' id='par_1_2' title="bbox 112 221 1319 956">
     <span class='ocr_line' id='line_1_2' title="bbox 112 221 1319 281; baseline -0.001 -11"><span class='ocrx_word' id='word_1_7' title='bbox 112 233 216 270; x_wconf 75' lang='lat' dir='ltr'>tum</span> <span class='ocrx_word' id='word_1_8' title='bbox 238 225 354 268; x_wconf 81' lang='lat' dir='ltr'>cives</span> <span class='ocrx_word' id='word_1_9' title='bbox 374 223 573 267; x_wconf 83' lang='lat' dir='ltr'>Romani</span> <span class='ocrx_word' id='word_1_10' title='bbox 593 230 944 281; x_wconf 77' lang='lat' dir='ltr'>cognoscerent,</span> <span class='ocrx_word' id='word_1_11' title='bbox 974 221 1319 281; x_wconf 64' lang='lat' dir='ltr'>lacrfyrxnantes-,</span> 
     </span>
     <span class='ocr_line' id='line_1_3' title="bbox 117 278 1299 341; baseline 0.001 -16"><span class='ocrx_word' id='word_1_12' title='bbox 117 299 205 341; x_wconf 83' lang='lat' dir='ltr'>que</span> <span class='ocrx_word' id='word_1_13' title='bbox 226 281 548 336; x_wconf 79' lang='lat' dir='ltr'><strong>defenderent,</strong></span> <span class='ocrx_word' id='word_1_14' title='bbox 620 296 670 322; x_wconf 85' lang='lat' dir='ltr'>ro</span> <span class='ocrx_word' id='word_1_15' title='bbox 693 279 953 321; x_wconf 73' lang='lat' dir='ltr'>testimonio</span> <span class='ocrx_word' id='word_1_16' title='bbox 975 278 1116 334; x_wconf 75' lang='lat' dir='ltr'>dixit,</span> <span class='ocrx_word' id='word_1_17' title='bbox 1150 284 1299 326; x_wconf 84' lang='lat' dir='ltr'>securi</span> 
     </span>
     <span class='ocr_line' id='line_1_4' title="bbox 117 295 1297 396; baseline -0.001 -14"><span class='ocrx_word' id='word_1_18' title='bbox 117 353 212 382; x_wconf 86' lang='lat' dir='ltr'>esse</span> <span class='ocrx_word' id='word_1_19' title='bbox 243 352 522 396; x_wconf 71' lang='lat' dir='ltr'>percussum.</span> <span class='ocrx_word' id='word_1_20' title='bbox 587 295 807 378; x_wconf 46' lang='lat' dir='ltr'>{robabit</span> <span class='ocrx_word' id='word_1_21' title='bbox 832 334 994 391; x_wconf 80' lang='lat' dir='ltr'>fidem,</span> <span class='ocrx_word' id='word_1_22' title='bbox 1035 344 1080 378; x_wconf 89' lang='lat' dir='ltr'>et</span> <span class='ocrx_word' id='word_1_23' title='bbox 1100 340 1297 382; x_wconf 82' lang='lat' dir='ltr'>auctori-</span> 
     </span>
     <span class='ocr_line' id='line_1_5' title="bbox 117 390 1294 451; baseline -0.002 -13"><span class='ocrx_word' id='word_1_24' title='bbox 117 403 284 450; x_wconf 84' lang='lat' dir='ltr'>tatem,</span> <span class='ocrx_word' id='word_1_25' title='bbox 324 401 370 435; x_wconf 85' lang='lat' dir='ltr'>et</span> <span class='ocrx_word' id='word_1_26' title='bbox 395 393 665 451; x_wconf 78' lang='lat' dir='ltr'><strong>religionem</strong></span> <span class='ocrx_word' id='word_1_27' title='bbox 696 407 823 434; x_wconf 88' lang='lat' dir='ltr'>suam</span> <span class='ocrx_word' id='word_1_28' title='bbox 842 392 897 433; x_wconf 89' lang='lat' dir='ltr'>L.</span> <span class='ocrx_word' id='word_1_29' title='bbox 920 390 1124 449; x_wconf 84' lang='lat' dir='ltr'>Suetius,</span> <span class='ocrx_word' id='word_1_30' title='bbox 1154 393 1294 439; x_wconf 89' lang='lat' dir='ltr'>homo</span> 
     </span>
     <span class='ocr_line' id='line_1_6' title="bbox 118 448 1294 506; baseline 0.001 -12"><span class='ocrx_word' id='word_1_31' title='bbox 118 451 325 495; x_wconf 89' lang='lat' dir='ltr'>omnibus</span> <span class='ocrx_word' id='word_1_32' title='bbox 363 450 643 492; x_wconf 84' lang='lat' dir='ltr'>ornamentis</span> <span class='ocrx_word' id='word_1_33' title='bbox 679 448 934 506; x_wconf 68' lang='lat' dir='ltr'>p1·aeditu.&lt;‚</span> <span class='ocrx_word' id='word_1_34' title='bbox 973 450 1079 506; x_wconf 28' lang='lat' dir='ltr'>‘qui</span> <span class='ocrx_word' id='word_1_35' title='bbox 1118 450 1294 495; x_wconf 80' lang='lat' dir='ltr'>iuratus</span> 
     </span>
     <span class='ocr_line' id='line_1_7' title="bbox 116 505 1296 565; baseline 0.002 -15"><span class='ocrx_word' id='word_1_36' title='bbox 116 507 343 565; x_wconf 73' lang='lat' dir='ltr'>apud1vos</span> <span class='ocrx_word' id='word_1_37' title='bbox 375 506 515 563; x_wconf 81' lang='lat' dir='ltr'>dixit,</span> <span class='ocrx_word' id='word_1_38' title='bbox 554 505 722 548; x_wconf 88' lang='lat' dir='ltr'>multos</span> <span class='ocrx_word' id='word_1_39' title='bbox 742 506 860 547; x_wconf 81' lang='lat' dir='ltr'>cives</span> <span class='ocrx_word' id='word_1_40' title='bbox 880 505 1112 548; x_wconf 82' lang='lat' dir='ltr'>Romanos</span> <span class='ocrx_word' id='word_1_41' title='bbox 1133 507 1180 549; x_wconf 89' lang='lat' dir='ltr'>in</span> <span class='ocrx_word' id='word_1_42' title='bbox 1198 509 1296 552; x_wconf 81' lang='lat' dir='ltr'>lau-</span> 
     </span>
     <span class='ocr_line' id='line_1_8' title="bbox 114 561 1294 620; baseline 0.002 -14"><span class='ocrx_word' id='word_1_43' title='bbox 114 563 270 606; x_wconf 84' lang='lat' dir='ltr'>tumiis</span> <span class='ocrx_word' id='word_1_44' title='bbox 280 562 406 605; x_wconf 85' lang='lat' dir='ltr'>istius</span> <span class='ocrx_word' id='word_1_45' title='bbox 420 562 614 620; x_wconf 82' lang='lat' dir='ltr'>imperio</span> <span class='ocrx_word' id='word_1_46' title='bbox 627 561 936 604; x_wconf 84' lang='lat' dir='ltr'>crudelissime</span> <span class='ocrx_word' id='word_1_47' title='bbox 948 577 1030 618; x_wconf 83' lang='lat' dir='ltr'>per</span> <span class='ocrx_word' id='word_1_48' title='bbox 1042 562 1133 604; x_wconf 80' lang='lat' dir='ltr'>vim</span> <span class='ocrx_word' id='word_1_49' title='bbox 1143 573 1294 608; x_wconf 86' lang='lat' dir='ltr'>morte</span> 
     </span>
     <span class='ocr_line' id='line_1_9' title="bbox 116 618 1294 676; baseline 0.001 -14"><span class='ocrx_word' id='word_1_50' title='bbox 116 634 208 662; x_wconf 88' lang='lat' dir='ltr'>esse</span> <span class='ocrx_word' id='word_1_51' title='bbox 236 619 464 661; x_wconf 75' lang='lat' dir='ltr'>multatos,</span> <span class='ocrx_word' id='word_1_52' title='bbox 518 618 649 660; x_wconf 81' lang='lat' dir='ltr'>Hanc</span> <span class='ocrx_word' id='word_1_53' title='bbox 679 633 762 674; x_wconf 84' lang='lat' dir='ltr'>ego</span> <span class='ocrx_word' id='word_1_54' title='bbox 784 632 966 659; x_wconf 79' lang='lat' dir='ltr'>causam</span> <span class='ocrx_word' id='word_1_55' title='bbox 999 633 1139 675; x_wconf 68' lang='lat' dir='ltr'>quum</span> <span class='ocrx_word' id='word_1_56' title='bbox 1161 635 1294 676; x_wconf 76' lang='lat' dir='ltr'>agam</span> 
     </span>
     <span class='ocr_line' id='line_1_10' title="bbox 116 674 1295 732; baseline 0 -14"><span class='ocrx_word' id='word_1_57' title='bbox 116 676 337 718; x_wconf 88' lang='lat' dir='ltr'>beneficio</span> <span class='ocrx_word' id='word_1_58' title='bbox 356 675 518 732; x_wconf 80' lang='lat' dir='ltr'>populi</span> <span class='ocrx_word' id='word_1_59' title='bbox 536 674 758 728; x_wconf 78' lang='lat' dir='ltr'>Romani,</span> <span class='ocrx_word' id='word_1_60' title='bbox 800 674 854 715; x_wconf 86' lang='lat' dir='ltr'>de</span> <span class='ocrx_word' id='word_1_61' title='bbox 874 674 975 716; x_wconf 91' lang='lat' dir='ltr'>loco</span> <span class='ocrx_word' id='word_1_62' title='bbox 996 675 1252 732; x_wconf 70' lang='lat' dir='ltr'>superiore,</span> <span class='ocrx_word' id='word_1_63' title='bbox 1269 683 1295 708; x_wconf 65' lang='lat'>1</span> 
     </span>
     <span class='ocr_line' id='line_1_11' title="bbox 115 730 1296 789; baseline 0 -14"><span class='ocrx_word' id='word_1_64' title='bbox 115 747 207 775; x_wconf 88' lang='lat' dir='ltr'>non</span> <span class='ocrx_word' id='word_1_65' title='bbox 237 746 421 787; x_wconf 83' lang='lat' dir='ltr'>vereor,</span> <span class='ocrx_word' id='word_1_66' title='bbox 468 746 524 773; x_wconf 84' lang='lat' dir='ltr'>ue</span> <span class='ocrx_word' id='word_1_67' title='bbox 553 738 629 772; x_wconf 83' lang='lat' dir='ltr'>aut</span> <span class='ocrx_word' id='word_1_68' title='bbox 660 730 799 772; x_wconf 88' lang='lat' dir='ltr'>istum</span> <span class='ocrx_word' id='word_1_69' title='bbox 827 731 892 772; x_wconf 87' lang='lat' dir='ltr'>vis</span> <span class='ocrx_word' id='word_1_70' title='bbox 920 730 1013 772; x_wconf 81' lang='lat' dir='ltr'>ulla</span> <span class='ocrx_word' id='word_1_71' title='bbox 1045 746 1103 774; x_wconf 88' lang='lat' dir='ltr'>ex</span> <span class='ocrx_word' id='word_1_72' title='bbox 1133 734 1296 789; x_wconf 85' lang='lat' dir='ltr'>populi</span> 
     </span>
     <span class='ocr_line' id='line_1_12' title="bbox 114 786 1292 844; baseline 0.001 -12"><span class='ocrx_word' id='word_1_73' title='bbox 114 788 312 832; x_wconf 80' lang='lat' dir='ltr'>Romani</span> <span class='ocrx_word' id='word_1_74' title='bbox 345 788 570 844; x_wconf 81' lang='lat' dir='ltr'>suffragiis</span> <span class='ocrx_word' id='word_1_75' title='bbox 608 786 809 843; x_wconf 78' lang='lat' dir='ltr'>eripere,</span> <span class='ocrx_word' id='word_1_76' title='bbox 857 795 934 830; x_wconf 85' lang='lat' dir='ltr'>aut</span> <span class='ocrx_word' id='word_1_77' title='bbox 971 802 996 829; x_wconf 80' lang='lat' dir='ltr'>a</span> <span class='ocrx_word' id='word_1_78' title='bbox 1039 801 1114 830; x_wconf 90' lang='lat' dir='ltr'>me</span> <span class='ocrx_word' id='word_1_79' title='bbox 1144 790 1292 834; x_wconf 87' lang='lat' dir='ltr'>ullum</span> 
     </span>
     <span class='ocr_line' id='line_1_13' title="bbox 115 844 1291 902; baseline 0.001 -14"><span class='ocrx_word' id='word_1_80' title='bbox 115 859 284 888; x_wconf 86' lang='lat' dir='ltr'>munus</span> <span class='ocrx_word' id='word_1_81' title='bbox 320 844 451 887; x_wconf 85' lang='lat' dir='ltr'>aedili</span> <span class='ocrx_word' id='word_1_82' title='bbox 475 844 556 885; x_wconf 73' lang='lat' dir='ltr'>atis</span> <span class='ocrx_word' id='word_1_83' title='bbox 588 844 782 900; x_wconf 80' lang='lat' dir='ltr'>amplius</span> <span class='ocrx_word' id='word_1_84' title='bbox 811 852 887 887; x_wconf 79' lang='lat' dir='ltr'>aut</span> <span class='ocrx_word' id='word_1_85' title='bbox 915 844 1088 902; x_wconf 83' lang='lat' dir='ltr'>gratius</span> <span class='ocrx_word' id='word_1_86' title='bbox 1117 847 1291 902; x_wconf 88' lang='lat' dir='ltr'>populo</span> 
     </span>
     <span class='ocr_line' id='line_1_14' title="bbox 115 900 629 956; baseline -0.008 -11"><span class='ocrx_word' id='word_1_87' title='bbox 115 900 327 945; x_wconf 82' lang='lat' dir='ltr'>Romano</span> <span class='ocrx_word' id='word_1_88' title='bbox 355 915 449 942; x_wconf 88' lang='lat' dir='ltr'>esse</span> <span class='ocrx_word' id='word_1_89' title='bbox 477 900 629 956; x_wconf 87' lang='lat' dir='ltr'>possit.</span> 
     </span>
    </p>
   </div>
   <div class='ocr_carea' id='block_1_3' title="bbox 113 1011 1295 1918">
    <p class='ocr_par' dir='ltr' id='par_1_3' title="bbox 113 1011 1295 1918">
     <span class='ocr_line' id='line_1_15' title="bbox 230 1011 1294 1078; baseline 0.004 -22"><span class='ocrx_word' id='word_1_90' title='bbox 230 1013 314 1056; x_wconf 83' lang='lat' dir='ltr'>VI.</span> <span class='ocrx_word' id='word_1_91' title='bbox 345 1013 638 1078; x_wconf 79' lang='lat' dir='ltr'><strong>Quapropter</strong></span> <span class='ocrx_word' id='word_1_92' title='bbox 670 1026 826 1056; x_wconf 87' lang='lat' dir='ltr'>omnes</span> <span class='ocrx_word' id='word_1_93' title='bbox 846 1011 894 1054; x_wconf 90' lang='lat' dir='ltr'>in</span> <span class='ocrx_word' id='word_1_94' title='bbox 918 1011 1005 1055; x_wconf 89' lang='lat' dir='ltr'>hoc</span> <span class='ocrx_word' id='word_1_95' title='bbox 1022 1013 1196 1058; x_wconf 78' lang='lat' dir='ltr'>iudicio</span> <span class='ocrx_word' id='word_1_96' title='bbox 1218 1033 1294 1061; x_wconf 90' lang='lat' dir='ltr'>co-</span> 
     </span>
     <span class='ocr_line' id='line_1_16' title="bbox 117 1069 1294 1126; baseline 0.003 -13"><span class='ocrx_word' id='word_1_97' title='bbox 117 1078 286 1113; x_wconf 85' lang='lat' dir='ltr'>nentur</span> <span class='ocrx_word' id='word_1_98' title='bbox 306 1071 477 1112; x_wconf 80' lang='lat' dir='ltr'>omnia:</span> <span class='ocrx_word' id='word_1_99' title='bbox 505 1070 619 1111; x_wconf 75' lang='lat' dir='ltr'>mhi!</span> <span class='ocrx_word' id='word_1_100' title='bbox 640 1078 703 1112; x_wconf 82' lang='lat' dir='ltr'>est</span> <span class='ocrx_word' id='word_1_101' title='bbox 724 1069 838 1124; x_wconf 74' lang='lat' dir='ltr'>iam,</span> <span class='ocrx_word' id='word_1_102' title='bbox 878 1070 996 1126; x_wconf 86' lang='lat' dir='ltr'>quod</span> <span class='ocrx_word' id='word_1_103' title='bbox 1018 1071 1065 1112; x_wconf 85' lang='lat' dir='ltr'>in</span> <span class='ocrx_word' id='word_1_104' title='bbox 1086 1072 1169 1114; x_wconf 83' lang='lat' dir='ltr'>hac</span> <span class='ocrx_word' id='word_1_105' title='bbox 1190 1089 1294 1116; x_wconf 81' lang='lat' dir='ltr'>cau-</span> 
     </span>
     <span class='ocr_line' id='line_1_17' title="bbox 115 1125 1295 1185; baseline 0.004 -18"><span class='ocrx_word' id='word_1_106' title='bbox 115 1140 164 1168; x_wconf 87' lang='lat' dir='ltr'>sa</span> <span class='ocrx_word' id='word_1_107' title='bbox 190 1140 375 1182; x_wconf 77' lang='lat' dir='ltr'>peccare</span> <span class='ocrx_word' id='word_1_108' title='bbox 405 1126 663 1182; x_wconf 78' lang='lat' dir='ltr'>quisquam,</span> <span class='ocrx_word' id='word_1_109' title='bbox 699 1125 894 1180; x_wconf 77' lang='lat' dir='ltr'>iudices,</span> <span class='ocrx_word' id='word_1_110' title='bbox 920 1126 1005 1167; x_wconf 74' lang='lat' dir='ltr'>nisi</span> <span class='ocrx_word' id='word_1_111' title='bbox 1036 1136 1185 1170; x_wconf 85' lang='lat' dir='ltr'>vestro</span> <span class='ocrx_word' id='word_1_112' title='bbox 1214 1145 1295 1185; x_wconf 83' lang='lat' dir='ltr'>pe-</span> 
     </span>
     <span class='ocr_line' id='line_1_18' title="bbox 115 1181 1289 1240; baseline 0.004 -17"><span class='ocrx_word' id='word_1_113' title='bbox 115 1181 285 1237; x_wconf 80' lang='lat' dir='ltr'>riculo,</span> <span class='ocrx_word' id='word_1_114' title='bbox 324 1181 477 1237; x_wconf 81' lang='lat' dir='ltr'>possit.</span> <span class='ocrx_word' id='word_1_115' title='bbox 536 1181 642 1229; x_wconf 79' lang='lat' dir='ltr'>Mea</span> <span class='ocrx_word' id='word_1_116' title='bbox 672 1181 854 1238; x_wconf 82' lang='lat' dir='ltr'>quidem</span> <span class='ocrx_word' id='word_1_117' title='bbox 882 1182 1024 1238; x_wconf 78' lang='lat' dir='ltr'>ratio,</span> <span class='ocrx_word' id='word_1_118' title='bbox 1071 1199 1211 1240; x_wconf 81' lang='lat' dir='ltr'>quum</span> <span class='ocrx_word' id='word_1_119' title='bbox 1240 1187 1289 1231; x_wconf 84' lang='lat' dir='ltr'>in</span> 
     </span>
     <span class='ocr_line' id='line_1_19' title="bbox 115 1237 1292 1299; baseline 0.007 -21"><span class='ocrx_word' id='word_1_120' title='bbox 115 1237 369 1294; x_wconf 82' lang='lat' dir='ltr'>praeteritis</span> <span class='ocrx_word' id='word_1_121' title='bbox 396 1237 531 1279; x_wconf 82' lang='lat' dir='ltr'>rebus</span> <span class='ocrx_word' id='word_1_122' title='bbox 562 1244 629 1279; x_wconf 86' lang='lat' dir='ltr'>est</span> <span class='ocrx_word' id='word_1_123' title='bbox 657 1237 862 1293; x_wconf 68' lang='lat' dir='ltr'>cognita,</span> <span class='ocrx_word' id='word_1_124' title='bbox 900 1246 999 1279; x_wconf 88' lang='lat' dir='ltr'>tum</span> <span class='ocrx_word' id='word_1_125' title='bbox 1028 1239 1075 1281; x_wconf 89' lang='lat' dir='ltr'>in</span> <span class='ocrx_word' id='word_1_126' title='bbox 1106 1242 1292 1299; x_wconf 86' lang='lat' dir='ltr'>reliquis</span> 
     </span>
     <span class='ocr_line' id='line_1_20' title="bbox 115 1293 1292 1351; baseline 0.003 -16"><span class='ocrx_word' id='word_1_127' title='bbox 115 1293 352 1351; x_wconf 78' lang='lat' dir='ltr'>explorata</span> <span class='ocrx_word' id='word_1_128' title='bbox 379 1300 510 1350; x_wconf 89' lang='lat' dir='ltr'>atque</span> <span class='ocrx_word' id='word_1_129' title='bbox 543 1293 724 1349; x_wconf 85' lang='lat' dir='ltr'>provisa</span> <span class='ocrx_word' id='word_1_130' title='bbox 754 1300 833 1336; x_wconf 76' lang='lat' dir='ltr'>est.</span> <span class='ocrx_word' id='word_1_131' title='bbox 891 1294 991 1351; x_wconf 84' lang='lat' dir='ltr'>Ego</span> <span class='ocrx_word' id='word_1_132' title='bbox 1021 1311 1174 1338; x_wconf 86' lang='lat' dir='ltr'>meum</span> <span class='ocrx_word' id='word_1_133' title='bbox 1199 1308 1292 1342; x_wconf 78' lang='lat' dir='ltr'>stu-</span> 
     </span>
     <span class='ocr_line' id='line_1_21' title="bbox 115 1349 1292 1407; baseline 0.005 -15"><span class='ocrx_word' id='word_1_134' title='bbox 115 1350 238 1392; x_wconf 89' lang='lat' dir='ltr'>dium</span> <span class='ocrx_word' id='word_1_135' title='bbox 255 1350 305 1391; x_wconf 71' lang='lat' dir='ltr'>&#39;in</span> <span class='ocrx_word' id='word_1_136' title='bbox 316 1365 413 1392; x_wconf 89' lang='lat' dir='ltr'>rem</span> <span class='ocrx_word' id='word_1_137' title='bbox 430 1349 659 1406; x_wconf 77' lang='lat' dir='ltr'>publicam</span> <span class='ocrx_word' id='word_1_138' title='bbox 679 1350 768 1392; x_wconf 81' lang='lat' dir='ltr'>iam</span> <span class='ocrx_word' id='word_1_139' title='bbox 787 1350 868 1392; x_wconf 88' lang='lat' dir='ltr'>illo</span> <span class='ocrx_word' id='word_1_140' title='bbox 886 1358 1094 1407; x_wconf 65' lang='lat' dir='ltr'>tempore</span> <span class='ocrx_word' id='word_1_141' title='bbox 1106 1360 1128 1381; x_wconf 86' lang='lat'>2</span> <span class='ocrx_word' id='word_1_142' title='bbox 1142 1363 1292 1398; x_wconf 80' lang='lat' dir='ltr'>osten-</span> 
     </span>
     <span class='ocr_line' id='line_1_22' title="bbox 116 1405 1290 1463; baseline 0.006 -16"><span class='ocrx_word' id='word_1_143' title='bbox 116 1406 177 1461; x_wconf 86' lang='lat' dir='ltr'>di,</span> <span class='ocrx_word' id='word_1_144' title='bbox 207 1421 346 1463; x_wconf 90' lang='lat' dir='ltr'>quum</span> <span class='ocrx_word' id='word_1_145' title='bbox 366 1405 503 1462; x_wconf 84' lang='lat' dir='ltr'>longo</span> <span class='ocrx_word' id='word_1_146' title='bbox 524 1407 761 1449; x_wconf 81' lang='lat' dir='ltr'>intervallo</span> <span class='ocrx_word' id='word_1_147' title='bbox 782 1415 980 1449; x_wconf 79' lang='lat' dir='ltr'>veterem</span> <span class='ocrx_word' id='word_1_148' title='bbox 1001 1413 1290 1454; x_wconf 86' lang='lat' dir='ltr'>consuetudi-</span> 
     </span>
     <span class='ocr_line' id='line_1_23' title="bbox 114 1462 1291 1522; baseline 0.004 -17"><span class='ocrx_word' id='word_1_149' title='bbox 114 1476 222 1505; x_wconf 84' lang='lat' dir='ltr'>nem</span> <span class='ocrx_word' id='word_1_150' title='bbox 249 1462 410 1518; x_wconf 84' lang='lat' dir='ltr'>retuli,</span> <span class='ocrx_word' id='word_1_151' title='bbox 448 1470 492 1503; x_wconf 74' lang='lat' dir='ltr'>et</span> <span class='ocrx_word' id='word_1_152' title='bbox 520 1471 682 1519; x_wconf 79' lang='lat' dir='ltr'>rogatu</span> <span class='ocrx_word' id='word_1_153' title='bbox 711 1463 938 1505; x_wconf 82' lang='lat' dir='ltr'>sociorum</span> <span class='ocrx_word' id='word_1_154' title='bbox 968 1473 1100 1522; x_wconf 80' lang='lat' dir='ltr'>atque</span> <span class='ocrx_word' id='word_1_155' title='bbox 1122 1468 1291 1511; x_wconf 79' lang='lat' dir='ltr'>amico-</span> 
     </span>
     <span class='ocr_line' id='line_1_24' title="bbox 113 1518 1291 1576; baseline 0.003 -15"><span class='ocrx_word' id='word_1_156' title='bbox 113 1533 218 1561; x_wconf 83' lang='lat' dir='ltr'>rmn</span> <span class='ocrx_word' id='word_1_157' title='bbox 244 1518 403 1576; x_wconf 89' lang='lat' dir='ltr'>populi</span> <span class='ocrx_word' id='word_1_158' title='bbox 425 1518 647 1575; x_wconf 73' lang='lat' dir='ltr'>Romani,</span> <span class='ocrx_word' id='word_1_159' title='bbox 683 1534 894 1562; x_wconf 84' lang='lat' dir='ltr'>meorum</span> <span class='ocrx_word' id='word_1_160' title='bbox 913 1529 1062 1563; x_wconf 78' lang='lat' dir='ltr'>autem</span> <span class='ocrx_word' id='word_1_161' title='bbox 1089 1538 1291 1566; x_wconf 78' lang='lat' dir='ltr'>necessa-</span> 
     </span>
     <span class='ocr_line' id='line_1_25' title="bbox 113 1575 1289 1630; baseline 0.005 -13"><span class='ocrx_word' id='word_1_162' title='bbox 113 1575 313 1630; x_wconf 85' lang='lat' dir='ltr'>riorum,</span> <span class='ocrx_word' id='word_1_163' title='bbox 373 1589 540 1617; x_wconf 88' lang='lat' dir='ltr'>nomen</span> <span class='ocrx_word' id='word_1_164' title='bbox 578 1575 774 1617; x_wconf 75' lang='lat' dir='ltr'>hominis</span> <span class='ocrx_word' id='word_1_165' title='bbox 814 1576 1099 1620; x_wconf 76' lang='lat' dir='ltr'>audacissimi</span> <span class='ocrx_word' id='word_1_166' title='bbox 1132 1579 1289 1623; x_wconf 86' lang='lat' dir='ltr'>detuli.</span> 
     </span>
     <span class='ocr_line' id='line_1_26' title="bbox 116 1630 1292 1691; baseline 0.005 -18"><span class='ocrx_word' id='word_1_167' title='bbox 116 1630 253 1688; x_wconf 86' lang='lat' dir='ltr'>Quod</span> <span class='ocrx_word' id='word_1_168' title='bbox 281 1646 436 1673; x_wconf 75' lang='lat' dir='ltr'>meum</span> <span class='ocrx_word' id='word_1_169' title='bbox 453 1630 627 1673; x_wconf 81' lang='lat' dir='ltr'>factum</span> <span class='ocrx_word' id='word_1_170' title='bbox 643 1631 874 1674; x_wconf 80' lang='lat' dir='ltr'>lectissimi</span> <span class='ocrx_word' id='word_1_171' title='bbox 893 1634 980 1675; x_wconf 86' lang='lat' dir='ltr'>viri</span> <span class='ocrx_word' id='word_1_172' title='bbox 1002 1642 1135 1691; x_wconf 78' lang='lat' dir='ltr'>atque</span> <span class='ocrx_word' id='word_1_173' title='bbox 1157 1651 1292 1679; x_wconf 79' lang='lat' dir='ltr'>orna-</span> 
     </span>
     <span class='ocr_line' id='line_1_27' title="bbox 115 1685 1291 1748; baseline 0.005 -19"><span class='ocrx_word' id='word_1_174' title='bbox 115 1688 296 1744; x_wconf 78' lang='lat' dir='ltr'>tissimi,</span> <span class='ocrx_word' id='word_1_175' title='bbox 344 1685 461 1747; x_wconf 80' lang='lat' dir='ltr'>(quo</span> <span class='ocrx_word' id='word_1_176' title='bbox 497 1687 545 1729; x_wconf 90' lang='lat' dir='ltr'>in</span> <span class='ocrx_word' id='word_1_177' title='bbox 580 1703 773 1730; x_wconf 85' lang='lat' dir='ltr'>numero</span> <span class='ocrx_word' id='word_1_178' title='bbox 812 1704 835 1730; x_wconf 86' lang='lat' dir='ltr'>e</span> <span class='ocrx_word' id='word_1_179' title='bbox 873 1688 998 1731; x_wconf 85' lang='lat' dir='ltr'>vobis</span> <span class='ocrx_word' id='word_1_180' title='bbox 1032 1692 1291 1748; x_wconf 77' lang='lat' dir='ltr'>complures</span> 
     </span>
     <span class='ocr_line' id='line_1_28' title="bbox 113 1742 1289 1804; baseline 0.005 -19"><span class='ocrx_word' id='word_1_181' title='bbox 113 1742 241 1785; x_wconf 85' lang='lat' dir='ltr'>fuere</span> <span class='ocrx_word' id='word_1_182' title='bbox 253 1745 284 1803; x_wconf 79' lang='lat'>‚)</span> <span class='ocrx_word' id='word_1_183' title='bbox 317 1745 381 1786; x_wconf 79' lang='lat' dir='ltr'>ita</span> <span class='ocrx_word' id='word_1_184' title='bbox 398 1743 674 1800; x_wconf 77' lang='lat' dir='ltr'>probarunt,</span> <span class='ocrx_word' id='word_1_185' title='bbox 700 1753 752 1786; x_wconf 92' lang='lat' dir='ltr'>ut</span> <span class='ocrx_word' id='word_1_186' title='bbox 772 1745 835 1800; x_wconf 81' lang='lat' dir='ltr'>ei,</span> <span class='ocrx_word' id='word_1_187' title='bbox 849 1750 866 1779; x_wconf 84' lang='lat'>3</span> <span class='ocrx_word' id='word_1_188' title='bbox 910 1746 987 1802; x_wconf 88' lang='lat' dir='ltr'>qui</span> <span class='ocrx_word' id='word_1_189' title='bbox 1007 1746 1132 1790; x_wconf 81' lang='lat' dir='ltr'>istius</span> <span class='ocrx_word' id='word_1_190' title='bbox 1153 1764 1289 1804; x_wconf 81' lang='lat' dir='ltr'>quae-</span> 
     </span>
     <span class='ocr_line' id='line_1_29' title="bbox 115 1800 1288 1856; baseline 0.006 -15"><span class='ocrx_word' id='word_1_191' title='bbox 115 1807 210 1841; x_wconf 83' lang='lat' dir='ltr'>stor</span> <span class='ocrx_word' id='word_1_192' title='bbox 235 1800 417 1856; x_wconf 75' lang='lat' dir='ltr'>fuisset,</span> <span class='ocrx_word' id='word_1_193' title='bbox 457 1807 501 1841; x_wconf 86' lang='lat' dir='ltr'>et</span> <span class='ocrx_word' id='word_1_194' title='bbox 530 1800 583 1842; x_wconf 81' lang='lat' dir='ltr'>ab</span> <span class='ocrx_word' id='word_1_195' title='bbox 605 1801 688 1842; x_wconf 89' lang='lat' dir='ltr'>isto</span> <span class='ocrx_word' id='word_1_196' title='bbox 707 1801 852 1843; x_wconf 84' lang='lat' dir='ltr'>laesus</span> <span class='ocrx_word' id='word_1_197' title='bbox 871 1802 1131 1845; x_wconf 82' lang='lat' dir='ltr'>inimicitias</span> <span class='ocrx_word' id='word_1_198' title='bbox 1143 1805 1288 1848; x_wconf 67' lang='lat' dir='ltr'>iustas</span> 
     </span>
     <span class='ocr_line' id='line_1_30' title="bbox 115 1857 1291 1918; baseline 0.005 -20"><span class='ocrx_word' id='word_1_199' title='bbox 115 1864 486 1914; x_wconf 69' lang='lat' dir='ltr'>persequeretur,</span> <span class='ocrx_word' id='word_1_200' title='bbox 532 1872 625 1900; x_wconf 87' lang='lat' dir='ltr'>non</span> <span class='ocrx_word' id='word_1_201' title='bbox 651 1858 790 1899; x_wconf 89' lang='lat' dir='ltr'>modo</span> <span class='ocrx_word' id='word_1_202' title='bbox 817 1857 1051 1901; x_wconf 82' lang='lat' dir='ltr'>deferendi</span> <span class='ocrx_word' id='word_1_203' title='bbox 1078 1862 1291 1918; x_wconf 80' lang='lat' dir='ltr'>nominis,</span> 
     </span>
    </p>
   </div>
   <div class='ocr_carea' id='block_1_4' title="bbox 1126 1996 1148 2015">
    <p class='ocr_par' dir='ltr' id='par_1_4' title="bbox 1126 1996 1148 2015">
     <span class='ocr_line' id='line_1_31' title="bbox 1126 1996 1148 2015; baseline 0 -6"><span class='ocrx_word' id='word_1_204' title='bbox 1126 1996 1148 2015; x_wconf 66' lang='lat' dir='ltr'><em>q</em></span> 
     </span>
    </p>
   </div>
   <div class='ocr_carea' id='block_1_5' title="bbox 167 2035 1287 2090">
    <p class='ocr_par' dir='ltr' id='par_1_5' title="bbox 167 2035 1287 2090">
     <span class='ocr_line' id='line_1_32' title="bbox 167 2035 1287 2090; baseline 0.008 -20"><span class='ocrx_word' id='word_1_205' title='bbox 167 2040 202 2078; x_wconf 81' lang='lat' dir='ltr'>x)</span> <span class='ocrx_word' id='word_1_206' title='bbox 227 2035 273 2071; x_wconf 83' lang='lat' dir='ltr'>de</span> <span class='ocrx_word' id='word_1_207' title='bbox 291 2035 379 2071; x_wconf 87' lang='lat' dir='ltr'>loco</span> <span class='ocrx_word' id='word_1_208' title='bbox 399 2039 763 2088; x_wconf 77' lang='lat' dir='ltr'>mperioreJ&#39;nempe</span> <span class='ocrx_word' id='word_1_209' title='bbox 784 2051 825 2075; x_wconf 81' lang='lat' dir='ltr'>uc</span> <span class='ocrx_word' id='word_1_210' title='bbox 845 2040 1006 2082; x_wconf 80' lang='lat' dir='ltr'>aedilis,</span> <span class='ocrx_word' id='word_1_211' title='bbox 1027 2055 1098 2090; x_wconf 84' lang='lat' dir='ltr'>pro</span> <span class='ocrx_word' id='word_1_212' title='bbox 1122 2043 1287 2080; x_wconf 77' lang='lat' dir='ltr'>Rostris.</span> 
     </span>
    </p>
   </div>
   <div class='ocr_carea' id='block_1_6' title="bbox 118 2096 1286 2192">
    <p class='ocr_par' dir='ltr' id='par_1_6' title="bbox 118 2096 1286 2192">
     <span class='ocr_line' id='line_1_33' title="bbox 118 2096 1286 2149; baseline 0.01 -23"><span class='ocrx_word' id='word_1_213' title='bbox 118 2140 120 2142; x_wconf 14' lang='lat' dir='ltr'>q</span> <span class='ocrx_word' id='word_1_214' title='bbox 163 2098 200 2135; x_wconf 77' lang='lat'>2)</span> <span class='ocrx_word' id='word_1_215' title='bbox 231 2096 392 2129; x_wconf 79' lang='lat' dir='ltr'>Ursinus</span> <span class='ocrx_word' id='word_1_216' title='bbox 413 2098 514 2130; x_wconf 85' lang='lat' dir='ltr'>coni.</span> <span class='ocrx_word' id='word_1_217' title='bbox 535 2097 606 2131; x_wconf 86' lang='lat' dir='ltr'>iam</span> <span class='ocrx_word' id='word_1_218' title='bbox 626 2109 699 2131; x_wconf 87' lang='lat' dir='ltr'>tum</span> <span class='ocrx_word' id='word_1_219' title='bbox 715 2097 780 2132; x_wconf 87' lang='lat' dir='ltr'>illo</span> <span class='ocrx_word' id='word_1_220' title='bbox 801 2107 990 2146; x_wconf 81' lang='lat' dir='ltr'>tempore,</span> <span class='ocrx_word' id='word_1_221' title='bbox 1026 2106 1117 2149; x_wconf 83' lang='lat' dir='ltr'>quia</span> <span class='ocrx_word' id='word_1_222' title='bbox 1135 2107 1178 2138; x_wconf 79' lang='grc' dir='ltr'>ιἰι</span> <span class='ocrx_word' id='word_1_223' title='bbox 1199 2101 1286 2139; x_wconf 83' lang='lat' dir='ltr'>cod.</span> 
     </span>
     <span class='ocr_line' id='line_1_34' title="bbox 121 2137 883 2192; baseline 0.007 -19"><span class='ocrx_word' id='word_1_224' title='bbox 121 2137 199 2174; x_wconf 81' lang='lat' dir='ltr'>Ms.</span> <span class='ocrx_word' id='word_1_225' title='bbox 220 2142 426 2176; x_wconf 73' lang='lat' dir='ltr'>invenerat</span> <span class='ocrx_word' id='word_1_226' title='bbox 449 2153 588 2177; x_wconf 75' lang='lat' dir='ltr'>tautum</span> <span class='ocrx_word' id='word_1_227' title='bbox 614 2144 677 2177; x_wconf 82' lang='lat' dir='ltr'>illo</span> <span class='ocrx_word' id='word_1_228' title='bbox 700 2155 883 2192; x_wconf 77' lang='lat' dir='ltr'>tempore.</span> 
     </span>
    </p>
   </div>
   <div class='ocr_carea' id='block_1_7' title="bbox 164 2197 718 2254">
    <p class='ocr_par' dir='ltr' id='par_1_7' title="bbox 164 2197 718 2254">
     <span class='ocr_line' id='line_1_35' title="bbox 164 2197 718 2254; baseline 0.007 -23"><span class='ocrx_word' id='word_1_229' title='bbox 164 2203 201 2241; x_wconf 77' lang='grc'>3)</span> <span class='ocrx_word' id='word_1_230' title='bbox 223 2207 266 2254; x_wconf 59' lang='lat' dir='ltr'>pt</span> <span class='ocrx_word' id='word_1_231' title='bbox 291 2197 342 2241; x_wconf 85' lang='lat' dir='ltr'>ei]</span> <span class='ocrx_word' id='word_1_232' title='bbox 373 2210 507 2246; x_wconf 82' lang='lat' dir='ltr'>nempe</span> <span class='ocrx_word' id='word_1_233' title='bbox 529 2200 718 2244; x_wconf 64' lang='lat' dir='ltr'>Caecilio2</span> 
     </span>
    </p>
   </div>
  </div>
 </body>
</html>
