1416 2480
239 127 381 164 LIBER
409 126 683 161 SECUNDUS.
734 128 836 167 CAP,
883 136 915 168 3.
943 132 1002 171 44.
1142 138 1211 181 37η

59 222 175 266 dam.
239 220 303 264 At
314 222 332 277 ,'
355 220 513 276 credo,
547 219 756 262 Sthenius
787 220 872 262 hoc
899 219 982 262 sibi
1007 219 1212 278 amplum

57 293 151 321 esse
170 278 356 335 putavit,
387 276 550 334 eligere
571 291 594 317 e
616 276 779 318 civium
798 277 1109 319 Ronmnorum
1130 292 1216 320 nu-

59 349 210 390 mero,
253 347 311 376 ex
341 333 587 375 amicorum
615 340 744 389 atque
771 333 999 390 hospitum
1026 347 1213 375 suorum

59 391 211 448 copia,
246 405 378 454 quem
405 388 685 445 cognitorem
712 389 849 431 daret.
918 389 1067 444 Quem
1094 388 1215 430 dele-

59 441 161 504 git?
199 460 296 504 quis
323 447 372 489 in
399 444 560 487 tabulis
591 444 782 501 scriptus
808 441 908 488 est?
953 446 1002 486 C.
1032 445 1215 486 Claudi-

59 516 137 558 us,
163 502 213 544 C.
231 501 276 544 F.
295 501 508 544 Palatina.
566 501 675 542 Non
704 515 892 557 qtiaero,
931 501 1027 558 quis
1053 501 1126 542 hic
1157 501 1215 544 sit

62 558 302 615 Claudius,
337 573 470 615 quam
497 557 780 615 splendidus,
822 570 955 613 quam
986 556 1216 612 honestus,

90 628 195 657 uam
219 613 430 668 idoneus,
466 621 654 670 propter
680 614 805 653 cuius
831 613 1143 655 auctoritatem
1172 620 1219 654 et:

60 629 324 726 aignitatem
335 669 545 712 Sthenius
557 669 610 710 ab
622 670 823 710 omnium
836 670 906 710 Sic
915 684 937 709 u
947 670 1092 711 lorum
1111 683 1220 711 eon-

61 726 296 768 suetudine
323 726 592 780 discederet,
634 733 676 766 et
702 725 844 766 civem
864 725 1123 767 Romanum
1145 739 1220 766 co-

61 782 288 839 gnitorem
316 782 453 823 daret.
518 781 648 823 Nihil
673 781 837 823 horum
866 796 1043 837 quaero.
1110 781 1220 824 For·

62 845 177 880 tasse
205 838 324 880 enim
349 838 558 880 Sthenius
583 852 675 878 non
703 836 992 891 splendorem
1010 837 1222 890 hominis,

62 894 139 935 sed
160 893 508 935 familiaritatem
528 900 704 934 secutus
723 900 800 933 est.
839 888 994 947 Quid?
1021 894 1057 934 si
1078 893 1224 934 omni-

63 963 143 991 um
169 950 428 990 mortalium
449 949 635 990 Sthenio
656 962 789 989 nenio
809 948 1055 1002 inimicior,
1085 945 1223 1005 Quam

66 1004 142 1047 hic
162 1005 213 1047 C.
232 1005 469 1060 Claudius,
498 1012 596 1046 tum
618 1018 818 1059 semper,
847 1011 944 1045 tum·
960 1004 1007 1046 in
1028 1004 1094 1046 his
1116 1005 1224 1061 ipsis

67 1061 202 1103 rebus
230 1068 274 1102 et
299 1061 574 1118 temporibus
605 1056 728 1102 fuit?
768 1060 802 1101 si
830 1060 884 1100 de
909 1060 1050 1102 literis
1068 1063 1224 1102 corru'-

65 1111 338 1173 ptis'contra
364 1111 519 1158 venit'?
554 1116 588 1156 si
617 1123 772 1162 contra
801 1116 923 1156 omni
950 1116 1229 1172 rationepw

67 1166 257 1229 gnavit‘?
304 1181 455 1214 utrum
484 1172 630 1229 potius
660 1186 743 1227 pro
776 1170 962 1213 Sthenio
989 1172 1226 1214 inimicum

68 1229 350 1292 cognitorem
380 1242 471 1270 esse
498 1227 690 1283 factum,
727 1242 784 1268 an
809 1235 852 1269 te
881 1227 928 1268 in
947 1227 1122 1270 Sthenii
1148 1244 1228 1286 pe·-

65 1285 212 1383 Eiculo
228 1291 263 1370 ¹9
277 1285 448 1329 inimici
475 1284 566 1327 eius
595 1283 779 1328 nomine
807 1283 994 1327 abusum
1021 1298 1113 1329 esse
1134 1298 1232 1328 cre-

102 1355 227 1383 emus
245 1373 254 1383 .

185 1454 358 1497 XLIV.
383 1454 477 1511 Ac,
506 1469 562 1497 ne
591 1454 687 1512 quis
715 1453 832 1496 forte
857 1454 1047 1510 dubitet,
1086 1454 1233 1496 cuius⁴

73 1510 198 1553 modi
224 1517 369 1552 totum
386 1511 443 1552 sit
467 1513 721 1567 negotium:
760 1510 935 1552 tametsi
964 1511 1231 1553 iamdudum

70 1566 280 1614 omnibus
303 1567 430 1610 istius
456 1567 792 1622 improbitatem
827 1566 1108 1624 perspicuam
1139 1582 1232 1610 esse

72 1622 251 1663 confido
264 1654 277 1676 ,
307 1631 455 1664 tamen
473 1624 726 1680 paullulum
743 1623 877 1664 etiam
896 1622 1122 1664 attendite.
1149 1623 1236 1666 Vi·-

76 1678 188 1721 detis
215 1678 344 1720 illum
366 1679 596 1735 subcrispo
617 1680 803 1735 capillo,
839 1680 1044 1734 nigrum,
1082 1679 1158 1735 qui
1179 1694 1232 1722 eo

75 1734 203 1776 vultu
231 1749 311 1776 nos
338 1735 558 1790 intuetur,
594 1743 643 1775 ut
663 1735 743 1776 sibi
763 1737 854 1822 53⁵⁸
873 1742 1113 1791 peracutus
1142 1750 1235 1777 esse

76 1785 316 1833 videatur?
349 1789 425 1846 qui
453 1791 624 1832 tabulas
644 1798 792 1834 tenet.
837 1792 912 1847 qui
938 1785 1127 1832 scribit?
1157 1792 1235 1847 qui

79 1840 271 1889 monet?
302 1847 377 1902 qui
403 1847 636 1903 proximus
662 1842 760 1888 est?
793 1847 834 1889 Is
854 1855 919 1888 est
938 1845 987 1886 C.
1008 1845 1235 1902 Claudius,

111 1902 156 1942 ui
185 1902 231 1943 in
252 1903 401 1943 Sicilia
423 1910 646 1958 sequester
673 1903 822 1956 istius,
858 1903 1100 1958 interpres,
1131 1917 1237 1943 con-

105 1965 226 1998 ector
243 1958 554 2013 negotiorum,
588 1973 730 2014 prope
756 1959 929 2013 collega
957 1957 1238 2003 'l'imarchidi

86 2014 424 2056 numerabatur:
463 2028 582 2055 nunc
611 2014 814 2057 obtinet²
854 2028 957 2056 eum
985 2013 1158 2072 locum,
1186 2024 1240 2058 ut

141 2139 173 2174 ι)
198 2137 256 2171 Sic
274 2138 448 2174 Lambin.
475 2140 529 2172 At
551 2144 589 2172 in
609 2137 697 2173 edd.
716 2151 775 2185 pr.
797 2150 851 2174 esc
872 2138 1087 2188 periculum.

139 2186 174 2223 2)
199 2182 388 2219 obtinebat
412 2205 456 2211 -—
481 2184 661 2219 videretur
680 2186 857 2221 Lambin.
