1416 2480
291 141 433 180 unm
459 139 707 188 QUARTUS.
757 138 862 174 cm
889 137 948 180 αξ»
1132 141 1202 177 205

30 247 100 283 aet
120 238 332 298 epistola,
358 235 605 294 respondit:
629 234 897 290 Agrigento.
935 230 1023 274 Iste
1037 231 1204 288 literas,

34 297 91 337 ad
102 311 213 353 quos
223 292 569 348 solebat‚‚n11'sii:
591 298 640 332 ut
662 292 695 332 is
715 290 907 332 annulus
920 289 1029 331 adse
1052 289 1202 352 primo

36 367 214 417 quoque
240 358 444 407 tempore
472 348 724 389 afferretur.
784 346 851 387 Ita
879 346 1019 389 literis
1053 345 1204 403 1stius,

34 407 371 470 patrifamilias,
395 406 453 462 L·
475 404 603 446 Titio
622 404 826 459 cuidam,
863 403 948 446 civi
978 402 1204 458 Romano,

35 459 230 508 annulus
254 463 309 505 de
328 462 470 517 digito
491 461 716 503 detractus
735 468 814 502 est.
871 459 955 502 Illa
979 473 1087 501 vero
1109 458 1206 501 eius

35 521 259 579 cupiditas
284 518 560 561 incredibilis
582 525 659 558 est.
723 515 843 558 Nam
875 524 926 557 ut
954 517 1002 559 in
1030 515 1206 571 singula

37 575 287 632 conclavia,
350 590 429 617 uae
453 575 534 616 iste
555 589 648 616 non
669 572 805 614 modo
825 571 1023 628 Romae,
1060 572 1134 613 sed
1159 572 1207 614 in

36 632 248 676 omnibus
284 632 400 674 vilis
434 630 594 686 habet,
639 628 834 671 tric-enos
867 628 1006 693 lectos
1034 629 1206 685 optime

37 697 199 733 stratos
228 702 331 731 cum
362 688 521 729 ceteris
549 685 825 728 ornamentis
853 684 1045 728 conv1vii
1074 699 1208 740 quae-

36 753 184 801 reret,
231 746 424 788 nimium
446 743 588 785 multa
625 755 889 798 comparare
919 741 1208 783 videbatur.1

38 801 184 844 Nulla
208 801 368 844 domus
394 801 440 842 iu
460 799 613 843 Sicilia
638 798 841 854 locuples
871 796 980 854 fuit,
1017 797 1093 839 ubi
1124 798 1208 840 iste

35 873 133 901 non
160 858 413 900 textrinum
445 855 702 898 instituerit.
779 853 951 895 Mulier
980 862 1046 895 est
1072 854 1209 912 Sege-

38 922 190 968 utana,
236 914 443 971 perdives
483 920 527 954 et
560 910 756 966 nobilis,
802 910 962 952 Lamia
1001 911 1209 954 nomine:

40 985 124 1028 per
142 970 390 1013 triennium
411 969 508 1024 isti,
569 968 671 1010 lena
694 967 829 1008 domo
849 967 1068 1022 telarum,
1098 974 1212 1009 stra-

42 1027 195 1083 gulam
231 1033 399 1069 vestem
440 1040 526 1067 con
549 1025 656 1067 ecit:
699 1022 815 1065 nihil
848 1023 933 1065 nisi
968 1024 1210 1080 conchylio

41 1083 249 1125 tinctum.
334 1081 540 1136 Attalus,
573 1080 712 1122 homo
740 1079 1033 1136 pecuniosus,
1074 1080 1210 1136 Neti;

42 1139 194 1195 Lyso,
224 1138 461 1195 Lilybaei,
498 1136 724 1179 Critolaus
752 1135 937 1191 Ennae3
976 1136 1212 1194 Syracusis

41 1193 290 1249 Aeschrio,
329 1191 622 1248 Cleomenes,
656 1191 1013 1245 Theomnastus,
1052 1192 1211 1234 Elori2

43 1249 354 1305 Archonides,
386 1250 620 1305 Megistus.
695 1247 805 1291 Vox
832 1262 903 1290 me
934 1249 1065 1290 citius
1093 1249 1215 1291 defe-

43 1306 185 1361 cerit,
231 1321 365 1362 quam
392 1307 589 1348 nomina.
665 1304 765 1363 Ipse
798 1304 930 1347 dabat
961 1319 1216 1361 purpuram

44 1370 246 1418 tantum,
284 1362 414 1404 amici
436 1377 620 1418 operas,
657 1361 804 1403 credo.
863 1361 959 1402 Iam
979 1362 1101 1403 enim
1119 1377 1214 1405 non

42 1418 157 1461 libet
183 1418 335 1462 omnia
358 1419 614 1473 criminari,
652 1418 776 1475 quasi
794 1418 882 1460 hoc
899 1417 1014 1460 mihi
1031 1433 1126 1460 non
1148 1434 1216 1460 sa-

45 1476 107 1517 tis
127 1475 184 1518 sit
203 1475 257 1517 ad
279 1475 474 1531 crimen,
504 1474 710 1517 habuisse
730 1482 822 1515 tam
845 1473 1062 1530 multum,
1093 1475 1216 1531 quod

49 1531 202 1586 daret,
236 1531 428 1574 voluisse
455 1533 691 1588 deportare
719 1539 811 1573 tam
837 1530 999 1572 multa:
1030 1531 1116 1573 hoc
1141 1531 1216 1574 de-

49 1587 95 1629 ni
130 1603 208 1652 ue,
242 1588 359 1644 quod
390 1588 621 1642 concedit,
668 1588 917 1629 amicorum
945 1588 1093 1644 operis
1123 1603 1216 1630 esse

49 1643 96 1684 in
143 1643 435 1686 iuiuscemodi
465 1644 598 1688 rebus
628 1658 772 1685 usum.
830 1643 924 1685 Iam
953 1658 1060 1686 vero
1078 1643 1219 1686 lectos

55 1707 252 1755 aeratos,
289 1706 333 1739 et
349 1700 613 1741 candelabra
633 1714 793 1754 aenea,
834 1713 943 1740 num
965 1699 1060 1754 cui,
1090 1714 1220 1757 prae·

52 1762 123 1796 ter
150 1755 309 1808 istum,
349 1755 582 1812 Syracusis
608 1771 690 1813 per
716 1755 963 1797 triennium
990 1754 1107 1796 facta
1127 1759 1220 1798 esse

54 1805 358 1853 existimatis?
395 1811 611 1865 Emebat,
652 1812 800 1853 credo.
877 1810 965 1852 Sed
994 1818 1168 1853 tant-um
1195 1815 1214 1845 3

55 1878 134 1910 vos
161 1868 399 1924 certiores,
427 1867 617 1923 iudices,
645 1867 786 1925 facio,
826 1867 933 1925 quid
950 1866 1034 1909 iste
1047 1867 1095 1910 in
1115 1883 1222 1925 pro-

107 2038 233 2091 1)·Sic
251 2045 419 2074 correxit
433 2040 641 2076 Gb‘renzius
659 2038 705 2074 ad
730 2040 806 2075 Cic.
828 2019 1024 2079 Acecldt
1048 2052 1103 2081 20,
1131 2042 1223 2077 Vul·
1260 2044 1263 2049 ¹

55 2084 324 2180 gozgld'gzggr·
339 2133 430 2168 olim
463 2132 626 2172 Pelori„
653 2131 757 2180 quod
792 2133 958 2169 correxit
1010 2133 1050 2175 T,
1100 2135 1225 2175 Ursin.

59 2177 213 2214 Pelorus
242 2181 340 2214 enim
372 2190 426 2214 est
455 2185 753 2226 promontorium
786 2180 950 2225 Siciliae,

103 2226 146 2270 3)
173 2223 258 2263 cod.
287 2225 530 2275 Urs,3Franc.
555 2223 622 2260 ned
642 2234 779 2264 tamen·
