1431 2481
216 132 285 172 254
531 130 590 166 ιΝ
621 131 826 169 VERREM
879 137 996 172 Aer.
1021 140 1072 175 11.
1125 165 1129 167 .

213 222 444 277 rentinOS,
471 230 523 264 ut
541 223 776 282 Europam
796 229 843 271 in
863 238 995 273 tauro
1012 233 1246 281 sedentem
1264 240 1397 284 amit-

214 272 348 318 tant?
387 286 438 318 ut
459 279 700 337 Satyrum,
731 285 805 339 qui
826 289 943 342 apud
964 289 1065 331 illos
1094 293 1141 335 in
1171 295 1280 338 aede
1301 297 1396 340 Ve-

215 340 308 372 stae
329 328 430 375 est?
458 343 508 376 ut
531 333 716 380 cetera?
745 342 852 396 quid
871 342 1197 406 Thespienses,
1227 359 1280 394 ut
1300 352 1392 395 Cu-

211 387 380 444 pidinis
415 387 633 445 signum?
652 403 667 425 ¹
697 397 806 452 quid
837 398 1048 459 Cnidios,
1085 413 1137 446 ut
1158 407 1390 451 Venerem

208 442 556 489 marmoream?
596 451 728 508 quid,
765 461 816 494 ut
843 456 1036 514 pictam,
1075 458 1230 505 Coos?
1280 464 1388 521 quid

208 499 456 558 Ephesios,
492 512 543 546 ut
570 506 924 553 Alexandrum?
968 516 1078 570 quid
1109 518 1385 577 CyzicenOS,

207 565 261 597 ut
280 557 492 616 Aiacem,
538 569 614 603 aut
640 562 891 608 Medeam?
928 571 1032 624 quid
1062 572 1295 632 Rhodios,
1334 585 1385 619 ut

204 610 446 669 Ialysum?
484 617 592 672 quid
619 620 943 680 Athenienses,
985 635 1036 668 ut
1068 643 1125 671 ex
1153 646 1383 676 marmore

204 669 445 726 Iacchum,
494 681 571 714 aut
604 675 819 719 Paralum
846 680 1043 739 pictum,
1092 694 1168 728 aut
1194 703 1252 729 ex
1278 705 1380 732 aere

201 724 417 782 {Myronis
435 728 649 772 buculam
660 727 684 772 ¹?
694 733 911 791 Longum
923 746 1001 795 est,
1012 749 1056 782 et
1073 757 1166 784 non
1180 758 1380 787 necessa-

199 783 349 837 rium,
381 798 765 845 commemorare,
803 807 914 847 quae
944 797 1062 852 apud
1093 813 1296 857 quosque·
1315 804 1379 844 vi-

199 838 338 879 senda
355 848 461 881 sunt
479 848 573 882 tota
593 843 704 886 Asia
724 854 769 887 et
789 847 994 893 Graecia.
1051 854 1231 897 Verum
1262 858 1376 900 illud

196 902 290 948 est,
330 897 627 950 quamobrem
656 900 766 942 haec
796 918 1175 966 commemorem,
1197 922 1218 943 2
1255 915 1378 969 quod

197 951 461 994 existimare
483 968 558 995 vos
580 954 668 996 hoc
689 958 815 1015 volo,
851 962 1022 1006 mirum
1043 968 1268 1022 quendam
1298 970 1378 1012 do-

192 1006 343 1048 lorem
377 1009 581 1054 accidere
606 1010 684 1068 iis,
731 1029 790 1057 ex
823 1032 1018 1073 quorum
1045 1022 1234 1067 urbibus
1262 1024 1373 1081 haec

193 1062 475 1107 auferantur.
1260 1106 1263 1108 -

303 1179 433 1221 LXI.
493 1181 668 1241 Atque,
704 1193 756 1228 ut
784 1198 955 1233 ceteros
986 1195 1271 1252 omittamus,
1313 1196 1368 1239 de

188 1233 298 1290 ipsis
334 1236 628 1292 Syracusanis
674 1248 930 1299 cognoscite
954 1262 963 1290 :
1023 1250 1079 1291 ad
1125 1266 1235 1306 quos
1283 1267 1367 1309 ego

190 1305 333 1345 quum
360 1294 604 1350 venissem,
652 1298 713 1339 sic
741 1301 890 1355 priino
925 1306 1266 1364 existimabam,
1315 1317 1367 1351 ut
1430 1353 1431 1359 ,

186 1345 362 1389 Romae
391 1363 450 1390 ex
474 1350 599 1394 istius
627 1355 780 1397 amicis
812 1373 1097 1416 acceperam,
1137 1362 1366 1407 civitatem
1424 1377 1428 1382 “

188 1402 522 1458 Syracusanam
561 1418 750 1466 propter
792 1413 995 1458 Heraclii
1041 1418 1364 1477 hereditatem,

185 1472 282 1500 non
307 1461 457 1502 minus
483 1478 575 1505 esse
602 1466 676 1508 isti
709 1470 923 1524 amicam,
956 1480 1096 1529 quam
1124 1474 1365 1519 Mamerti-

184 1529 292 1556 nam
316 1525 506 1572 propter
522 1523 795 1576 praedarum
815 1541 864 1567 ac
892 1528 1123 1571 furtorum
1155 1533 1361 1574 omnium

183 1571 469 1628 societatem3
520 1577 655 1619 simul
689 1587 731 1621 et
769 1583 978 1640 verebar,
1023 1601 1080 1626 ne
1113 1587 1361 1631 mulierum

181 1626 408 1670 nobilium
436 1638 481 1671 et
505 1631 810 1678 formosarum
837 1641 1006 1696 gratia,
1055 1656 1247 1698 quarum
1276 1644 1358 1687 iste

181 1682 369 1726 arbitrio
388 1695 649 1741 praeturam
669 1707 752 1747 per
773 1695 1020 1738 triennium
1042 1708 1264 1756 gesserat,
1293 1702 1358 1743 vi·

179 1752 450 1799 forumque,
490 1745 758 1800 quibuscum
780 1749 881 1792 illae
899 1762 1068 1809 nuptae
1096 1763 1249 1811 erant,
1287 1757 1357 1799 ni-

177 1795 271 1837 mia
288 1796 337 1840 in
355 1798 494 1842 istum
511 1816 605 1844 non
632 1805 770 1847 modo
797 1806 1073 1867 lenitudine,
1110 1812 1189 1853 sed
1218 1812 1354 1856 etiam

173 1902 480 1919 -ᾑ

220 1984 254 2021 r)
282 1982 397 2016 Recte
425 1985 590 2020 Beckius
620 1988 742 2022 verba
772 2000 927 2040 propter
955 1992 1052 2040 quod
1083 2006 1197 2028 unum
1229 1995 1350 2030 visuu-

170 2033 231 2060 ‹tur
260 2027 471 2074 Thespiae,
506 2045 604 2077 quae
629 2035 750 2081 vulgo
778 2036 842 2070 lzie
871 2038 1047 2084 leguntur
1076 2053 1101 2072 a
1129 2042 1349 2087 glossatore

171 2071 330 2107 adiecta
361 2085 397 2108 ει·
427 2090 446 2108 e
465 2090 546 2122 cap.
568 2090 604 2112 2.
631 2079 695 2113 lzic
725 2085 890 2122 reperim
923 2084 1138 2126 iudicarim
1173 2100 1349 2133 praeser-

171 2122 241 2152 tim
261 2132 374 2164 quum.
395 2122 444 2155 iis
468 2124 639 2157 turbetur
661 2131 898 2162 concinnitas
920 2132 1178 2166 membrorum.

213 2169 249 2204 2)
278 2166 340 2199 Sic
358 2166 453 2201 Era.
484 2182 504 2200 e
535 2170 620 2202 cod.
647 2172 777 2219 Guer-
807 2185 844 2210 ec
866 2176 956 2213 edd.
983 2190 1045 2224 pr.
1099 2179 1225 2227 Vulgo
1255 2180 1344 2215 inde

167 2210 217 2244 ab
239 2210 347 2247 Aldo
373 2225 677 2251 commemorem.
