1416 2480
251 155 397 192 LIBER
426 152 670 201 QUINTUS.
728 153 835 189 GAP.
867 156 922 197 ¹4·
952 157 1010 194 151
1167 157 1240 199 295

51 265 136 308 que
159 249 470 306 prodendae-¹
530 248 602 289 Ex
633 246 702 288 his
731 261 815 301 ego
845 245 978 287 rebus
1005 242 1232 298 omnibus,

48 307 244 357 iudices,
278 306 336 348 ita
365 304 475 347 mihi
498 305 605 346 deos
627 318 783 345 omnes
802 301 1025 359 propitios
1046 315 1138 341 esse
1162 314 1236 342 ve-

46 363 146 413 lim,
176 371 240 418 ut,
271 362 447 404 tametsi
478 360 588 402 mihi
612 358 961 401 iucundissimus
991 364 1057 399 est
1086 356 1232 398 honos

84 419 235 476 opuli,
279 426 431 460 tamen
462 432 620 474 nequa(
643 431 744 457 uam
782 421 955 455 tantum
985 413 1113 469 capio
1155 427 1232 454 vo-

45 433 260 532 fuptatis,
299 483 519 531 quantum
549 433 862 514 soliieitudinis
892 477 935 511 et
955 469 1146 524 laboris,
1178 475 1229 511 ut

46 531 158 574 haec
188 531 283 588 ipsa
311 531 537 585 aedilitas,
589 545 680 571 uon
710 527 812 584 quia
847 540 1027 568 necesse
1063 524 1228 580 fuerit,

46 588 182 631 alicui
211 587 450 630 candidato
484 587 610 641 data,
647 585 750 638 sed,
791 583 892 647 quia
921 582 984 624 sic
1012 589 1229 638 oporiue-

44 644 129 697 rit,
169 651 291 686 recte
323 644 570 696 collocata,
608 650 653 684 et
679 640 847 683 iudiclo
872 638 1031 696 populi
1054 638 1101 680 in
1122 638 1227 680 loco

43 700 193 759 posita
219 715 315 742 esse
344 700 562 742 videatur.

159 812 269 857 XV.
299 813 400 868 Tu,
426 827 565 868 quum
584 826 699 854 esses
720 812 910 867 praetor‘
923 807 1225 860 renuntiatus,

43 883 228 927 quoquo
256 869 420 921 mod03
448 866 598 926 (mitto
618 868 737 910 enim
761 874 804 907 et
828 872 1084 921 praetereo,
1116 863 1223 920 quid

41 934 140 969 tum
170 926 227 967 sit
255 923 458 982 actumg)
494 925 569 966 sed
601 939 740 981 quum
773 937 887 963 esses
913 920 1222 974 renuntiatus,

42 990 94 1023 ut
120 981 240 1038 dixi,
281 997 374 1025 non
404 981 501 1039 ipsa
530 979 766 1037 praeconis
786 992 894 1019 voce
916 976 1135 1018 excitatus
1159 990 1222 1031 es,

74 1039 118 1079 ui
144 1040 348 1081 te-toties
389 1037 618 1080 seniorum
656 1035 976 1089 iuniorumque
1009 1031 1223 1073 centuriis

44 1093 54 1102 ⁰
79 1095 120 1135 [ο
156 1094 329 1137 honore
363 1093 480 1136 affici
512 1091 851 1150 pronuntiavit,
889 1097 939 1130 ut
970 1089 1055 1129 hoc
1087 1095 1220 1144 puta·-

39 1165 136 1204 reS,
183 1151 379 1207 aliquam
413 1150 479 1191 rei
542 1148 714 1190 ublicae
748 1155 926 1204 partem
962 1144 1044 1186 tibi
1075 1143 1229 1186 c1·edi-·

38 1201 169 1248 tam?
209 1221 379 1249 annum
396 1206 476 1247 tibi
496 1205 508 1246 i
532 1206 627 1247 lum
651 1219 791 1245 unum
814 1201 948 1243 domo
969 1199 1219 1242 carendum

41 1277 134 1304 esse
155 1256 440 1304 meretricis?
470 1276 610 1318 quum
626 1260 707 1302 tibi
739 1266 860 1301 sorte
879 1257 1133 1313 obtigisset,
1168 1263 1219 1298 ut

39 1317 109 1360 ius
140 1318 334 1373 diceres,
364 1326 585 1375 quantum
612 1315 803 1371 negotii,
835 1314 942 1371 quid
971 1313 1119 1355 oneris
1140 1312 1220 1353 ha-

38 1374 193 1429 heres,
230 1389 478 1431 numquam
507 1373 738 1429 cogitasti3
775 1386 920 1427 neque
941 1368 1053 1412 illud
1080 1367 1219 1410 ratio-

37 1430 107 1472 nis
136 1429 359 1486 habuisti,
394 1430 431 1471 si
461 1428 578 1471 forte
607 1427 956 1485 expergefacere
977 1433 1020 1466 te
1051 1439 1219 1482 posses,

38 1500 140 1528 eam
161 1486 442 1543 provinciam
456 1518 469 1542 ‚
506 1500 640 1540 quam
662 1485 779 1526 tueri
800 1481 1021 1539 singulari
1040 1480 1217 1537 sapien-

36 1542 99 1584 tia
121 1551 253 1606 atque
270 1542 529 1599 integritate
547 1540 731 1582 difficile
754 1547 867 1582 esset
911 1539 967 1580 ad
988 1551 1216 1579 summam

37 1599 278 1640 stultitiam
306 1598 555 1655 nequitiam
588 1612 644 1638 ue
681 1570 890 1639 venisses?
935 1594 1090 1650 Itaque
1121 1607 1216 1634 non

37 1655 175 1695 modo
204 1654 340 1695 domo
370 1663 447 1696 tua
476 1651 572 1695 Che
593 1653 776 1695 idonem
805 1652 852 1694 in
884 1657 1097 1709 praetura
1137 1663 1215 1690 ex-

36 1709 223 1751 trudere
243 1719 259 1739 ²
300 1709 509 1763 noluisti,
546 1709 622 1750 sed
650 1709 697 1750 in
730 1706 993 1750 Chelidonis
1026 1705 1225 1746 domum.

35 1772 300 1822 praeturam
327 1773 454 1807 tuam
483 1772 628 1805 totam
654 1763 867 1805 detulisti.
923 1763 1089 1804 Secuta
1107 1774 1215 1817 pro-

36 1820 183 1863 vincia
204 1829 295 1874 θεῖς
337 1823 382 1863 in
403 1836 488 1885 qua
510 1820 590 1861 tibi
609 1835 856 1876 numquam
883 1818 1005 1861 venit
1019 1816 1066 1858 in
1086 1831 1214 1857 men-

37 1884 129 1918 tem
143 1908 155 1932 ,
194 1893 287 1919 non
308 1878 389 1919 tibi
411 1878 576 1918 iccirco
593 1876 732 1918 fasces
752 1887 795 1918 et
815 1889 991 1918 secures
1005 1906 1018 1928 ‚
1049 1880 1093 1914 ct
1115 1881 1212 1913 tan-

36 1939 130 1974 tam
159 1933 338 1989 imperii
379 1934 493 1988 vim,
540 1940 804 1990 tantamque
835 1937 1212 1974 ornamentorum

38 1989 247 2030 omnium
278 1989 544 2046 dignitatem
570 1989 744 2046 datam,
787 1997 840 2032 ut
866 2001 1024 2030 earum
1054 1998 1212 2027 rerum

91 2104 126 2147 )
155 2104 217 2138 Ita
240 2105 388 2149 primus
416 2105 497 2139 Iac.
533 2105 752 2140 Gronovius
782 2101 909 2136 edidit
945 2113 994 2135 σω
1033 2097 1212 2132 emenda-

38 2151 140 2184 tione
157 2162 211 2195 pa
232 2153 286 2184 ris
307 2150 342 2183 Ῑ.
365 2150 421 2184 Fr.
444 2150 553 2185 Ohss.
574 2152 607 2186 I.
638 2162 690 2190 12.
735 2150 781 2186 In
803 2151 900 2184 Mss.
923 2156 959 2183 et
987 2144 1078 2180 cdd.
1112 2147 1211 2178 anci-

36 2195 233 2242 quioribus
267 2196 512 2242 prodendam.

86 2244 126 2286 2)
151 2240 330 2276 Lambini
345 2242 459 2282 codd.
491 2241 701 2278 excludor&
