1431 2481
166 176 231 216 ¹98
470 169 528 205 m
552 167 760 207 VERREM
803 170 917 212 ner.
940 170 989 207 n.

161 277 256 304 non
275 270 377 303 suos
397 262 565 318 oculos,
585 263 661 305 sed
683 264 887 306 omnium
904 263 1298 322 cupidissimorum
1312 268 1334 294 ¹

161 316 378 374 insanias,
408 333 549 374 quum
567 320 763 361 Romam
783 320 1063 377 revertisset,
1093 316 1337 377 expleret?

165 373 242 430 qui
260 374 397 416 simul
415 381 548 430 atque
565 376 614 417 in
635 376 850 432 oppidum
874 377 1118 434 quodpiam
1135 384 1338 432 venerat,

165 429 529 473 immittebantur
559 431 627 473 ffli
656 431 868 474 continuo
897 432 1149 491 Cibyratici
1177 447 1310 474 canes
1326 464 1340 487 ‚

166 485 245 555 qui
281 485 609 542 investigabant
646 495 689 529 et
727 489 1126 544 perscrutabantur
1173 488 1339 529 omnia.

166 542 216 585 bi
245 541 365 600 quod
392 549 489 584 erat
535 543 704 600 grande
751 557 827 585 vas
865 552 910 586 et
943 546 1086 587 maius
1127 559 1240 601 opus
1271 544 1342 585 in-

165 606 379 656 ventum,
419 599 527 641 laeti
546 599 861 656 adferebantst
897 599 1099 643 siminus
1118 599 1339 642 eiusmodi

166 655 275 712 quip
312 654 401 697 iam
424 656 576 698 venari
605 664 874 712 potuerant3
912 656 990 698 illa
1016 656 1196 713 quidem
1217 663 1339 697 certe

166 726 252 768 pro
296 711 518 767 epusculis
537 712 854 768 capiebantur,
893 712 1109 769 patellae,
1172 719 1337 765 aterae,

164 767 379 809 turibula.
444 767 536 808 Hic
564 782 674 825 quos
702 769 868 824 putatis
898 768 1031 811 fietus
1058 783 1136 810 mu
1160 765 1340 810 ierum'?

168 827 275 879 quas
313 823 654 865 lamentationes
687 824 785 865 fieri
821 823 971 866 solitas
1003 839 1096 866 esse
1136 824 1185 866 in
1219 823 1340 865 hisce

166 873 337 920 rebus?
386 893 500 936 quae
531 879 722 922 forsitan
754 880 880 922 vobis
905 894 1070 938 parvae
1100 894 1194 922 esse
1220 879 1346 921 vide-⁶

168 943 326 977 antur:
359 936 438 978 sed
456 951 674 992 magnum
696 943 741 977 et
761 936 973 979 acerbum
994 935 1200 978 dolorem
1219 950 1344 977 eom-

167 999 375 1046 movent,
413 992 691 1035 mulierculis
709 993 1004 1049 praesertim,
1042 1006 1184 1050 quum
1207 990 1345 1047 eripi-

166 1055 308 1090 untur
335 1062 359 1090 e
390 1048 596 1090 manibus
619 1064 694 1103 ea,
732 1048 892 1112 quibus
913 1049 967 1091 ad
990 1062 1060 1091 res
1083 1048 1254 1091 divinas
1273 1047 1343 1110 uti

168 1112 466 1165 consuerunt,
506 1120 617 1161 quae
646 1119 671 1146 a
702 1120 790 1147 suls
812 1112 1108 1164 acceperunt,
1151 1118 1264 1162 quae
1291 1118 1340 1146 111

166 1158 340 1202 iamilia
368 1175 547 1220 semper
572 1160 770 1204 fuerunt.

280 1273 437 1319 XXII.
485 1275 577 1318 Hic
607 1276 748 1317 nolite
781 1282 1065 1332 exspectare,
1113 1273 1224 1315 dum
1253 1287 1340 1329 ego

167 1327 254 1371 hoc
277 1331 450 1373 crimen
471 1347 601 1388 agam
624 1331 844 1386 ostiatim,
883 1330 937 1372 ab
958 1329 1189 1386 Aeschylo
1210 1329 1339 1386 Tyn-

170 1386 376 1429 daritano
394 1388 532 1429 istum
550 1395 754 1444 pateram
773 1387 1028 1441 abstulisse,
1058 1401 1085 1427 a
1101 1384 1339 1427 Thrasone

168 1441 277 1484 item
305 1443 618 1500 Tyndaritano
653 1443 890 1500 patellam,
946 1458 972 1485 a
1000 1440 1337 1499 Nymphodoro

167 1498 470 1556 Agrigentino
489 1499 756 1541 turibulum.
813 1499 967 1551 Quum
986 1506 1118 1541 testes
1147 1511 1205 1538 ex
1225 1496 1339 1538 Sici-

169 1553 230 1596 lia
259 1554 397 1611 dabo,
434 1569 567 1612 quem
588 1556 732 1611 volet,
772 1555 849 1596 ille
879 1555 1039 1612 eligat,
1089 1567 1223 1610 quem
1253 1567 1337 1608 ego

168 1608 448 1668 interrogem
468 1612 522 1653 de
540 1611 744 1669 patellis,
772 1611 954 1668 pateris,
983 1608 1215 1653 turibulis:
1244 1624 1339 1650 non

171 1665 308 1708 modo
328 1667 547 1724 oppidum
574 1667 777 1722 nullum3
817 1667 977 1709 domus
994 1666 1151 1709 nulla³
1180 1665 1337 1722 paullo

168 1722 441 1780 locupletior
477 1738 637 1781 expers
675 1724 807 1765 huius
843 1723 1033 1766 iniuriae
1063 1721 1337 1778 reperietur,

170 1778 247 1833 qui
268 1794 406 1835 quum
431 1780 479 1821 in
508 1779 761 1822 convivium
781 1779 996 1834 venisset,
1033 1780 1070 1820 si
1093 1777 1337 1834 quidquam

171 1834 331 1876 caelati
351 1836 639 1893 adspexerat,
666 1851 851 1878 manum
872 1835 1115 1888 abstinere,
1151 1832 1337 1886 iudices,

172 1904 265 1933 non
284 1899 475 1949 poterat.
525 1890 611 1934 Cn.
631 1891 874 1950 Pompeius
897 1899 963 1934 est
977 1891 1126 1946 Philo,
1155 1888 1232 1946 qm·
1248 1886 1338 1930 fuit

219 2063 257 2107 1)
287 2061 376 2095 edd.
406 2073 503 2097 vect.
535 2062 841 2098 avarissimorum.

213 2118 250 2149 2)
279 2108 339 2142 Sic
357 2108 452 2142 Em.
477 2123 496 2142 e
515 2111 616 2144 Mss.
642 2111 785 2145 Graev.
841 2109 952 2155 Vulg'.
975 2107 1202 2143 auferebant.

216 2159 253 2195 3)
280 2155 362 2187 I-Ioc
384 2154 473 2189 Em.
497 2157 664 2190 nstituit
695 2169 737 2190 ex
766 2155 853 2193 edd,
884 2165 981 2189 vett.
1014 2155 1055 2192 it.
1087 2152 1203 2188 codd.
1232 2145 1334 2188 Pan.

171 2199 309 2233 Preme.
344 2200 396 2232 al.
459 2201 563 2235 Olim
592 2202 783 2236 edebatur·
807 2200 986 2250 oppidum
1020 2200 1164 2235 nullum
1193 2197 1259 2234 sed
1288 2208 1337 2232 ne

171 2245 301 2279 domus
330 2243 479 2292 quidem
513 2247 600 2282 uile.
1112 2263 1115 2266 ’
1287 2260 1294 2267 ·
