1431 2481
200 171 270 212 ²78
557 162 614 198 IN
637 162 846 198 VERREM
891 162 1006 198 ACT.
1030 162 1087 198 ua

203 256 384 312 traditi,
427 256 482 298 ad
521 255 678 313 palum
717 256 912 313 alligati,
965 264 1176 312 repente,
1206 256 1382 307 'multis

205 313 408 357 millibus
439 313 677 354 hominum
699 312 1075 368 inspectantibus,
1105 312 1239 354 soluti
1261 319 1382 368 sunt,

208 378 254 412 et
292 369 521 411 Leonidae
558 369 625 410 illi
657 369 840 410 domino
873 368 1051 411 redditi.
1137 367 1258 420 Quid
1295 368 1382 409 hoc

209 426 313 468 loco
340 434 467 482 potes
506 426 679 479 dicere,
725 423 863 466 homo
904 419 1243 466 amentissime?
1295 424 1385 467 nisi

207 482 282 537 id,
328 482 448 538 quod
477 497 560 538 ego
589 497 681 524 non
712 496 901 538 quaer03
952 480 1070 537 quod
1110 481 1302 537 denique
1333 480 1382 522 in

206 554 258 588 re
285 547 379 580 tam
410 539 607 593 nefaria,
652 537 831 579 tametsi
867 537 1061 579 dubitari
1088 553 1182 580 non
1209 544 1384 591 potest,

206 602 386 650 tamen,
417 610 473 636 ne
503 596 537 637 si
568 594 799 635 dubitetur
829 594 1032 650 quidem,
1071 592 1225 650 quaeri
1246 608 1384 650 opor·-

206 657 323 693 teat:
361 651 493 707 quid,
524 658 601 692 aut
629 658 873 706 quantum,
903 657 979 691 aut
1006 649 1233 705 quomodo
1257 664 1384 692 acce-

205 707 342 764 peris.
404 707 603 748 Remitto
633 707 713 747 tibi
745 705 829 747 hoc
858 714 1030 760 totum,
1069 714 1199 762 atque
1231 706 1314 747 ista
1335 713 1380 747 te

205 778 315 805 cura
340 764 493 805 libero.
554 764 715 819 Neque
739 763 858 803 enim
879 770 1055 817 metuo,
1092 777 1149 803 ne
1178 761 1264 803 hoc
1287 762 1383 803 cui-

205 834 344 875 quam
374 820 726 876 persuadeatur,
764 826 838 873 ut,
878 819 933 861 ad
963 818 1083 875 quod
1109 817 1282 860 facinus
1303 832 1382 859 ne-

202 888 308 931 m0,
347 884 525 929 praeter
547 884 615 931 te,
655 875 743 917 ulla
771 876 963 932 pecunia
983 873 1382 949 adducirpotuerit,

201 930 252 973 id
275 940 322 972 tu
354 932 492 989 gratis
521 931 747 988 suscipere
779 939 963 973 conatus
991 929 1061 972 sis.
1121 931 1150 972 Σ
1168 945 1297 972 erum
1324 928 1386 972 de

201 986 287 1029 ista
322 987 506 1030 furandi
534 987 870 1044 praedandique
905 988 1077 1030 ratione
1113 985 1229 1029 nihil
1256 985 1385 1029 dicot

206 1042 263 1086 de
281 1044 366 1086 hac
386 1044 682 1102 imperatoria
702 1044 792 1087 iam
820 1053 897 1087 tua
912 1044 1044 1087 laude
1072 1042 1269 1101 disputo'.

324 1157 403 1201 VI.
463 1159 587 1211 Quid
617 1159 705 1215 ais,
751 1159 870 1201 bone
898 1166 1046 1201 custos
1080 1155 1378 1211 defensorque

201 1213 501 1312 provinciae?
527 1216 625 1269 Tu,
657 1231 768 1271 quos
788 1231 937 1257 servos
957 1230 1081 1256 arma
1100 1226 1285 1268 capere,
1326 1225 1379 1252 ac

238 1270 376 1311 ellum
398 1271 547 1313 facere
577 1272 625 1313 in
647 1272 799 1312 Sicilia
828 1271 1020 1313 voluisse
1049 1281 1292 1324 cognoras,
1333 1274 1379 1308 et

203 1326 259 1368 de
287 1326 462 1368 consilii
491 1328 709 1369 sententia
738 1327 982 1379 iudicaras,
1011 1327 1094 1367 hos
1123 1323 1179 1364 ad
1204 1324 1379 1380 suppli-

199 1383 324 1424 cium
350 1382 440 1423 iam
471 1399 596 1425 more
625 1384 849 1425 maiorum
878 1383 1091 1437 traditos,
1139 1387 1183 1422 et
1210 1380 1268 1421 ad
1298 1395 1379 1437 pa-

201 1437 299 1480 lum
330 1438 558 1496 alligatos,
607 1455 664 1481 ex
693 1440 841 1481 media
872 1447 1020 1480 morte
1050 1437 1225 1493 eripere
1247 1451 1296 1477 ac
1323 1436 1384 1477 liae

199 1493 361 1535 berare
389 1509 521 1536 ausus
551 1493 630 1538 es?
678 1496 766 1551 Ut,
813 1510 949 1552 quam
987 1493 1208 1534 damnatis
1239 1492 1376 1533 servis

199 1563 384 1591 crucem
412 1552 603 1606 fixeras,
643 1551 758 1592 hanc
786 1550 1058 1592 indemnatis
1086 1548 1257 1590 civibus
1282 1548 1377 1589 Ro-

197 1605 343 1647 manis
363 1603 648 1650 reservares?
679 1607 886 1648 Perditae
907 1607 1129 1658 civitates,
1168 1604 1377 1660 despera-

199 1661 256 1703 tis
287 1662 495 1704 omnibus
522 1665 679 1719 rebus,
718 1663 798 1705 hos
825 1663 972 1704 solent
992 1662 1139 1702 exitus
1168 1660 1375 1702 exitiales

197 1715 392 1773 habere,
430 1726 481 1760 ut
509 1721 708 1761 damnati
727 1721 775 1760 in
801 1720 894 1760 inte
929 1733 1032 1759 rum
1060 1717 1374 1772 restituantur,

198 1774 340 1815 vincti
371 1774 624 1833 solvantur,
664 1776 817 1817 exules
836 1734 1135 1828 reffucantuffi
1164 1788 1236 1815 res
1255 1771 1374 1814 iudi-

201 1838 324 1871 catae
344 1831 674 1874 rescindantur.
730 1832 856 1883 Quae
876 1845 1015 1888 quum
1033 1830 1264 1883 accidunt,
1293 1843 1374 1869 ne-

197 1899 276 1927 mo
302 1895 390 1942 est,
438 1889 548 1943 quin
569 1888 815 1944 intelligat,
854 1902 988 1929 ruere
1015 1886 1139 1928 illam
1162 1900 1260 1927 rem
1284 1899 1372 1942 pu-

196 1941 364 1984 blicam
377 1958 389 1999 3
403 1949 422 1972 ¹
453 1959 588 1987 nemo
607 1953 696 2001 est,
725 1945 804 2001 qui
821 1944 962 1987 ullam
982 1957 1109 2001 spem
1129 1941 1283 1984 salutis
1301 1956 1373 1983 re-

242 2108 277 2143 1)
308 2105 433 2152 Vulgo
464 2105 625 2142 additur
649 2106 745 2141 haee
774 2105 838 2140 ubi
867 2105 1037 2143 veniunt,
1082 2101 1184 2151 quod
1212 2111 1370 2135 auctore

192 2148 396 2189 Zrnescio,
423 2158 484 2186 cui
508 2165 683 2187 assensus
718 2163 773 2186 est
800 2148 1120 2194 Wyuenhachius
1140 2148 1241 2184 Bihl.
1272 2149 1371 2193 Crieg

189 2197 227 2231 {l-
254 2210 292 2241 p.
311 2209 340 2231 2.
374 2210 413 2241 p.
443 2205 494 2238 ng.
529 2209 565 2232 ec
589 2200 767 2236 Beck-ius,
798 2198 941 2236 delevi.
1003 2196 1197 2233 Graevius
1227 2207 1248 2228 e
1279 2191 1366 2233 cod.

195 2241 290 2291 fleg.
314 2242 424 2282 dedic
440 2243 534 2280 haec
552 2244 616 2282 ubi
638 2245 825 2281 eveniunt.
