1431 2481
199 150 268 177 222
508 138 562 174 IN
592 137 791 174 VERREM
837 139 950 174 ACT.
977 139 1026 175 11.

202 231 463 278 sionem'ad
494 230 697 275 officium
724 247 856 274 suum
881 233 1125 289 pertinere.'
1178 231 1239 274 Et
1266 231 1364 289 qui-

204 291 308 332 dem
337 289 496 330 ceteris
524 288 648 329 istius
674 288 805 330 furtis
833 296 965 345 atque
984 288 1164 345 flagitiis
1182 287 1243 330 ita
1263 303 1360 330 mo-

201 361 333 400 veor,
362 353 413 386 ut
434 360 485 385 ca
502 343 871 399 reprehendenda
890 353 1067 387 tautum
1081 351 1260 401 putem:
1287 343 1361 386 hic

200 414 308 444 vero
335 409 460 442 tanto
491 400 647 442 dolore
675 399 871 456 afficior,
900 409 951 442 ut
977 400 1093 443 nihil
1116 399 1230 442 mihi
1248 400 1366 444 indi·

202 458 359 514 gilius,
395 456 511 498 nihil
536 455 686 498 minus
714 455 951 499 ferendum
979 456 1220 498 videatur.¹
1246 457 1364 500 Ver-

200 530 273 556 res
302 513 507 555 Africani
533 511 838 558 monumentis
865 512 1051 555 domum
1075 518 1246 569 suam,'
1269 512 1366 570 ple-

198 585 308 618 ,uam
336 569 505 624 stupri,
542 567 724 625 plenam
752 568 934 625 flagitii,
970 570 1150 626 plenam
1176 569 1367 617 dedeco-

201 627 288 682 ris,
325 619 540 668 ornabit?
570 624 736 666 Verres
764 625 1126 680 temperatissimi
1144 625 1365 678 sanctissi-

202 683 353 739 mique
371 681 456 724 viri
474 685 821 723 monumemtum
833 712 846 734 ,
880 679 1050 724 Dianae
1070 681 1362 724 simulacrum

199 738 410 795 virginis,
447 738 496 779 in
525 736 740 783 eadomo
768 736 1031 802 collocabit,
1067 737 1113 779 in
1134 753 1222 794 qua
1248 752 1365 787 sem-

198 810 280 852 per
296 794 589 837 meretricum
605 793 909 850 lenonumque
918 792 1087 850 flagitia
1096 788 1364 838 versantur?

315 906 549 950 ΧΧΧΙΧ.
585 907 650 948 At
679 905 766 947 hoc
793 905 940 950 solum
967 903 1172 948 Africani
1199 921 1363 948 monu-

198 973 404 1008 mentum
429 958 642 1005 violasti?
688 956 830 1018 quid?
869 977 894 1003 a
915 962 1236 1019 Tyndaritanis
1267 977 1362 1005 non

197 1023 395 1068 eiusdem
432 1019 652 1076 Scipionis
689 1017 906 1065 beneficio
949 1017 1149 1075 positum
1181 1018 1366 1060 simula-

197 1093 327 1120 crum
355 1073 945 1131 hlercurii,Kipulcherrime
972 1073 1172 1130 factum,
1215 1081 1363 1124 sustu-

194 1130 331 1183 listi?
396 1134 459 1174 At
494 1131 873 1189 quemadmodum
895 1163 907 1185 ,
972 1130 1035 1172 dii
1060 1127 1361 1178 immortales!

196 1206 333 1247 quam
360 1185 592 1231 audacter!
637 1196 772 1244 quam
807 1182 1067 1228 libidinose}
1109 1201 1245 1242 quam
1275 1186 1361 1228 im·

195 1242 438 1304 pudenter!
479 1245 661 1286 audistis
687 1258 833 1299 nuper
861 1242 1009 1283 dicere
1039 1241 1210 1298 legatos
1232 1242 1360 1298 Tyn-

195 1304 447 1356 daritanos,
477 1301 680 1342 homines
697 1297 1032 1340 honestissimos
1061 1313 1111 1339 ac
1131 1297 1359 1361 principes

194 1359 409 1401 civitatis:
444 1357 750 1409 Mercurium,
781 1355 863 1410 'qui
882 1354 1017 1395 sacris
1046 1353 1359 1406 anmyersarijs

195 1415 312 1472 apud
333 1430 422 1470 eos,
454 1430 503 1456 ac
523 1426 698 1454 summa
718 1410 937 1466 religione
958 1409 1196 1465 coleretur,
1226 1424 1359 1466 quem

194 1472 253 1514 Ρ..
268 1470 538 1524 Africanus,
580 1467 860 1523 Karthagine
892 1473 1045 1522 capta,
1083 1465 1359 1521 Tyndarita-

194 1526 275 1570 nis‘
293 1541 385 1571 non
407 1527 551 1568 solum
581 1538 684 1566 suae
711 1522 954 1577 victoriae‚.
991 1520 1069 1568 sed
1095 1521 1232 1563 etiam
1256 1520 1358 1563 illo-

194 1591 300 1625 rum
324 1582 431 1624 fidei
449 1579 755 1636 societatisque
774 1585 1121 1620 monumentum
1140 1584 1270 1633 atque
1288 1576 1358 1618 in-

197 1640 366 1689 dicium
395 1638 626 1691 dedisset,
644 1634 778 1677 huius
806 1635 872 1689 vi,
916 1635 1107 1689 scelere,
1134 1632 1358 1690 imperio·
1383 1639 1387 1644 ’

195 1711 281 1752 que
301 1710 391 1736 esse
409 1693 660 1745 sublatum3
698 1691 779 1747 qui.
790 1698 841 1732 ut
859 1691 1057 1746 primum
1076 1690 1124 1732 in
1140 1688 1255 1731 illud
1277 1703 1359 1745 op-

194 1752 352 1809 pidum
379 1750 523 1805 venit,
570 1748 744 1803 statim,
781 1755 1010 1802 tamquam
1038 1746 1101 1786 ita
1132 1744 1233 1794 fieri
1256 1760 1357 1786 non

195 1809 342 1849 solum
363 1814 609 1864 oporteret,
637 1804 713 1845 sed
733 1804 867 1844 etiam
888 1817 1065 1843 necesse
1089 1809 1216 1856 esset,
1240 1808 1355 1841 tam-

193 1879 328 1920 quam
349 1863 432 1904 hoc
461 1870 637 1904 senatus
658 1859 931 1913 mandasset,
963 1857 1243 1914 populusque
1261 1856 1356 1897 Ro·

193 1918 600 1973 manusiussisset,
636 1917 699 1959 ita
726 1915 965 1971 continuo,
1003 1917 1182 1969 signum
1212 1919 1260 1953 ut
1280 1911 1355 1956 de·

196 2110 199 2115 ,
241 2079 278 2123 ι)
306 2079 367 2112 Sic
392 2076 477 2110 cod.
497 2075 671 2110 Lambin.
695 2075 783 2120 Reg.
819 2086 880 2119 ap.
917 2073 1057 2108 Gran).
1079 2069 1152 2104 duo
1185 2072 1256 2105 alii
1276 2070 1353 2112 Pa7

192 2125 278 2159 rz‘ss.
311 2122 438 2168 Guelf.
470 2125 514 2160 ἱι.
536 2123 721 2154 Priscian.
749 2134 788 2166 p.
821 2126 900 2159 (187.
922 2128 957 2151 ει
977 2127 1195 2163 receperunt
1215 2116 1349 2150 Lamh.

196 2172 338 2206 Graev.
362 2169 466 2202 Lall.
488 2169 600 2201 Beck.
650 2167 735 2202 Alii
753 2175 792 2200 ut
812 2164 901 2198 mhi}
918 2163 1009 2207 mihi
1027 2161 1208 2209 indIgnius
1229 2161 1350 2196 feren-

189 2215 278 2249 dum
309 2214 486 2249 videatur.
