1441 2470
326 148 471 186 LIBER
495 149 695 185 PRIMUS.
746 148 851 184 CAP.
876 155 933 191 33.
1160 151 1222 185 roi

55 239 141 301 que
171 250 315 286 totam
342 241 573 285 frumento
592 242 885 301 imperando,
915 240 1230 298 aestimand07'

50 299 136 344 hac
164 314 267 351 sua,
288 300 320 335 [¹
369 314 502 355 quam
542 308 639 340 tum
693 301 879 340 nimum
919 297 1217 354 excogitavit,

51 355 271 399 Siciliensi
299 355 605 398 aestimatione
635 315 870 411 alluxerit,
915 370 1007 397 non
1044 361 1110 395 est
1135 365 1218 395 ne-

51 426 170 454 cesse
207 411 514 453 demonstrare
551 412 709 453 verbis,
774 413 877 454 Hoc
916 412 1096 453 scitote:
1142 408 1213 452 his

51 467 306 511 nominibus
330 500 343 523 ‚
390 465 528 531 (quae
559 484 629 509 res
657 483 739 524 per
776 484 881 510 eum
909 475 1056 524 gestae
1084 473 1213 519 sunt,

50 538 188 581 quum
216 523 298 566 iste
327 524 578 565 civitatibus
606 524 912 580 frumentum,
939 523 1086 578 coria,
1113 522 1214 563 cili-

48 580 116 621 cia
136 611 149 635 ‚
187 594 337 621 saccos
367 585 389 608 2
416 580 693 636 imperaret,
727 596 872 636 neque
909 596 958 622 ea
987 585 1213 633 muneret,

46 650 133 732 gro
151 636 219 678 his
239 636 374 678 rebus
392 637 630 693 pecuniam
652 637 896 694 exigeret‚)
925 636 992 677 his
1014 634 1210 675 nomini-

80 707 128 734 us
146 692 273 744 solis,
312 692 394 734 Cn.
417 692 680 735 Dolabellae
702 698 809 734 3:33-
836 695 891 735 ad
920 690 1207 734 trieieslitem

43 762 137 790 esse
157 748 446 790 aestimatam.
507 749 633 804 Quae
655 749 804 790 omnia
819 782 831 805 ‚
857 746 1032 791 etiamsi
1049 746 1210 787 volun-

43 811 133 846 tate
144 804 405 846 Dolabellae
428 805 608 860 fiebant,
640 820 720 861 per
739 806 875 847 istum
886 815 1037 847 tamen
1055 802 1210 844 omnia

43 860 328 916 gerebantur.
385 861 702 902 Consistamin
721 876 812 902 uno
833 862 1028 903 nomine.
1086 858 1212 899 Mut-

44 923 91 957 ta
119 915 240 958 enim
268 923 373 957 sunt
400 931 456 956 ex
485 916 643 957 eodem
675 932 852 973 genere.
909 917 1080 958 Recita.
1130 926 1206 956 DE

48 983 293 1013 LITIBUS
341 983 714 1014 AESTIMATIS
772 985 853 1014 CN.
905 982 1204 1014 DOLABEL-

46 1039 157 1069 LAE
184 1037 268 1068 PR.
297 1031 312 1055 ³
346 1032 644 1069 PECUNJAE
669 1041 1011 1080 REDACTAE,
1040 1038 1202 1077 QUOD

46 1094 77 1124 Α
115 1094 391 1124 οοΜΜυΝῐ
432 1095 749 1125 MILYADUM
781 1115 790 1124 .
820 1116 828 1124 .
860 1116 869 1124 .
902 1116 911 1125 .
994 1082 1060 1122 Te
1090 1081 1202 1123 haee

44 1138 264 1194 coegisse,
292 1146 335 1179 te
365 1139 639 1193 aestimasse,
665 1139 747 1180 tibi
780 1139 1020 1196 pecuniam
1045 1152 1206 1179 nume-

43 1201 189 1236 ratam
209 1207 301 1235 esse
311 1194 434 1235 dico:
463 1194 706 1250 eademque
719 1195 762 1236 vi
781 1204 824 1236 et
843 1196 1031 1251 iniuria,
1062 1208 1203 1250 quum

40 1249 252 1306 pecunias
277 1250 496 1291 maximas
528 1265 733 1306 cogereS‚
761 1265 844 1308 per
871 1266 1027 1293 omnes
1054 1257 1205 1307 partes

38 1305 298 1362 ‘provinciae
330 1313 397 1359 te,
427 1314 654 1361 tamquam
682 1308 877 1363 aliquam
898 1308 1203 1349 calamitosam

41 1368 352 1416 tempestatem
363 1370 638 1418 pestemque,
697 1364 905 1405 ervasisse
928 1364 1203 1405 demonstro.

42 1416 197 1472 Itaque
226 1417 290 1458 M.
311 1418 528 1473 Scaurus,
559 1419 631 1474 qui
681 1421 736 1460 ⁸11.
755 1419 1041 1461 Dolabellam
1069 1433 1200 1460 accu-

41 1473 176 1528 savit,
197 1472 335 1514 istum
354 1473 401 1515 in
421 1489 501 1516 sua
530 1482 748 1529 potestate
770 1491 820 1517 ac
852 1476 1020 1517 ditione
1042 1474 1202 1517 tenuit.

41 1527 196 1570 Homo
234 1529 488 1571 adolescens
527 1545 667 1586 quum
695 1533 819 1573 istius
856 1532 902 1573 in
929 1531 1203 1588 inquirendo

42 1585 186 1626 multa
204 1583 326 1627 furta
344 1600 394 1626 ac
412 1586 578 1643 flagitia
595 1595 885 1644 cognosceret
899 1619 911 1643 ,
940 1588 1046 1629 fecit
1055 1586 1203 1644 perite

41 1647 86 1680 et
103 1640 291 1694 callide3
317 1642 532 1684 volumen
553 1642 646 1683 eius
673 1659 828 1685 rerum
855 1652 1083 1699 gestarum
1109 1657 1206 1683 ma·

40 1696 217 1738 ximum
243 1697 317 1739 isti
345 1698 563 1754 ostendit3
586 1698 641 1740 ab
666 1699 878 1756 homine,
906 1715 1017 1757 quae
1038 1698 1206 1754 voluit0

91 1826 125 1865 1)
154 1834 197 1857 ex
215 1833 279 1858 sua
299 1824 482 1859 Menard.

72 1883 125 1931 ·2)
154 1881 344 1933 Graevius
374 1885 588 1929 corrigebat
615 1895 719 1931 sagos
739 1883 765 1918 i.
788 1896 823 1931 q.
845 1895 940 1932 saga,
964 1895 1004 1918 ιιι
1024 1885 1072 1918 Π.
1092 1895 1126 1918 2.
1149 1892 1205 1917 tu-

44 1935 150 1959 meae
171 1937 280 1960 corno
301 1934 517 1975 iunguntur,
560 1932 662 1965 Nam
673 1943 869 1963 saccorum
889 1936 952 1977 qui
979 1929 1205 1975 usus-suerit

47 1972 208 2018 intelligi
227 1986 303 2006 non
321 1987 447 2020 posse.
498 1977 611 2010 Recte
630 1989 723 2010 vero
736 1976 828 2009 Ern.
853 1978 998 2009 monuit
1019 1987 1146 2009 saccos
1167 1981 1208 2010 irc

49 2015 197 2055 urbium⁴
214 2023 557 2067 oppugnationibus
574 2027 750 2068 usurpari
777 2018 831 2055 ad
845 2020 1118 2069 frangendam
1128 2027 1209 2056 vim

50 2060 229 2103 aelorum,
256 2067 432 2105 arietum,
463 2077 503 2100 ut
515 2069 658 2101 cilicia.

96 2123 134 2160 ὅ)
156 2119 247 2155 Post
274 2121 494 2158 Dolabellae
527 2125 584 2163 Pr.
611 2124 790 2173 quidam,
827 2135 869 2159 ut
897 2127 1109 2166 Graevius,
1137 2127 1210 2161 σά·

54 2163 149 2198 dunt
168 2165 210 2199 P.
229 2167 274 2207 R,
306 2168 480 2203 Lamhm.
505 2184 523 2203 e
553 2177 772 2205 coniectura
808 2171 956 2206 edidit:
988 2174 1060 2208 Cn.
1093 2174 1213 2209 Dola-

52 2208 172 2245 bellae
192 2212 250 2248 Px.
271 2215 499 2263 pecuniaque
520 2217 662 2267 populo
682 2218 754 2252 Ro.
776 2218 940 2254 redacta.
