<?xml version="1.0" encoding="UTF-8"?>
<!DOCTYPE html PUBLIC "-//W3C//DTD XHTML 1.0 Transitional//EN"
    "http://www.w3.org/TR/xhtml1/DTD/xhtml1-transitional.dtd">
<html xmlns="http://www.w3.org/1999/xhtml" xml:lang="en" lang="en">
 <head>
  <title>
</title>
<meta http-equiv="Content-Type" content="text/html;charset=utf-8" />
  <meta name='ocr-system' content='tesseract 3.04.00' />
  <meta name='ocr-capabilities' content='ocr_page ocr_carea ocr_par ocr_line ocrx_word'/>
</head>
<body>
  <div class='ocr_page' id='page_1' title='image "./operaquaesupersu05ciceuoft_0354.png"; bbox 0 0 1420 2491; ppageno 0'>
   <div class='ocr_carea' id='block_1_1' title="bbox 144 145 937 190">
    <p class='ocr_par' dir='ltr' id='par_1_1' title="bbox 144 145 937 190">
     <span class='ocr_line' id='line_1_1' title="bbox 144 145 937 190; baseline 0.005 -10"><span class='ocrx_word' id='word_1_1' title='bbox 144 145 213 190; x_wconf 65' lang='lat'><em>340·</em></span> <span class='ocrx_word' id='word_1_2' title='bbox 530 147 737 184; x_wconf 62' lang='grc' dir='ltr'>ἈεοοΝΠ</span> <span class='ocrx_word' id='word_1_3' title='bbox 761 148 937 186; x_wconf 74' lang='lat' dir='ltr'>NOTAE</span> 
     </span>
    </p>
   </div>
   <div class='ocr_carea' id='block_1_2' title="bbox 137 241 1319 2262">
    <p class='ocr_par' dir='ltr' id='par_1_2' title="bbox 139 241 1317 1766">
     <span class='ocr_line' id='line_1_2' title="bbox 143 241 1315 300; baseline 0.004 -19"><span class='ocrx_word' id='word_1_4' title='bbox 143 255 250 281; x_wconf 84' lang='lat' dir='ltr'><em>sam</em></span> <span class='ocrx_word' id='word_1_5' title='bbox 278 242 431 298; x_wconf 80' lang='lat' dir='ltr'><em>ipsam</em></span> <span class='ocrx_word' id='word_1_6' title='bbox 461 252 506 283; x_wconf 81' lang='lat' dir='ltr'><em>et</em></span> <span class='ocrx_word' id='word_1_7' title='bbox 531 241 807 283; x_wconf 80' lang='lat' dir='ltr'><em>Siciliensia</em></span> <span class='ocrx_word' id='word_1_8' title='bbox 833 243 1075 290; x_wconf 84' lang='lat' dir='ltr'><em>crimina,</em></span> <span class='ocrx_word' id='word_1_9' title='bbox 1108 254 1315 300; x_wconf 83' lang='lat' dir='ltr'><em>quatuor</em></span> 
     </span>
     <span class='ocr_line' id='line_1_3' title="bbox 145 297 1316 346; baseline 0.004 -9"><span class='ocrx_word' id='word_1_10' title='bbox 145 297 297 338; x_wconf 84' lang='lat' dir='ltr'><em>libros</em></span> <span class='ocrx_word' id='word_1_11' title='bbox 321 297 503 344; x_wconf 79' lang='lat' dir='ltr'><em>edidit,</em></span> <span class='ocrx_word' id='word_1_12' title='bbox 544 313 691 339; x_wconf 87' lang='lat' dir='ltr'><em>unum</em></span> <span class='ocrx_word' id='word_1_13' title='bbox 716 298 774 340; x_wconf 84' lang='lat' dir='ltr'><em>de</em></span> <span class='ocrx_word' id='word_1_14' title='bbox 792 298 1159 346; x_wconf 84' lang='lat' dir='ltr'><em>iurisdictione,</em></span> <span class='ocrx_word' id='word_1_15' title='bbox 1192 301 1316 342; x_wconf 84' lang='lat' dir='ltr'><em>alte-</em></span> 
     </span>
     <span class='ocr_line' id='line_1_4' title="bbox 145 352 1316 414; baseline 0.003 -20"><span class='ocrx_word' id='word_1_16' title='bbox 145 368 250 394; x_wconf 84' lang='lat' dir='ltr'><em>rum</em></span> <span class='ocrx_word' id='word_1_17' title='bbox 277 352 628 412; x_wconf 81' lang='lat' dir='ltr'><em>dcfrumcntO,</em></span> <span class='ocrx_word' id='word_1_18' title='bbox 661 357 852 396; x_wconf 74' lang='lat' dir='ltr'><em>tertium</em></span> <span class='ocrx_word' id='word_1_19' title='bbox 880 354 939 395; x_wconf 84' lang='lat' dir='ltr'><em>de</em></span> <span class='ocrx_word' id='word_1_20' title='bbox 960 357 1136 412; x_wconf 76' lang='lat' dir='ltr'><em>signis,</em></span> <span class='ocrx_word' id='word_1_21' title='bbox 1171 371 1316 414; x_wconf 84' lang='lat' dir='ltr'><em>quar-</em></span> 
     </span>
     <span class='ocr_line' id='line_1_5' title="bbox 143 409 1314 468; baseline 0.005 -19"><span class='ocrx_word' id='word_1_22' title='bbox 143 420 244 449; x_wconf 89' lang='lat' dir='ltr'><em>tum</em></span> <span class='ocrx_word' id='word_1_23' title='bbox 269 409 326 451; x_wconf 79' lang='lat' dir='ltr'><em>de</em></span> <span class='ocrx_word' id='word_1_24' title='bbox 347 412 624 468; x_wconf 79' lang='lat' dir='ltr'><em>sztppliciis;</em></span> <span class='ocrx_word' id='word_1_25' title='bbox 647 412 701 452; x_wconf 89' lang='lat' dir='ltr'><em>in</em></span> <span class='ocrx_word' id='word_1_26' title='bbox 722 426 817 468; x_wconf 84' lang='lat' dir='ltr'><em>qua</em></span> <span class='ocrx_word' id='word_1_27' title='bbox 839 411 1197 459; x_wconf 75' lang='lat' dir='ltr'><em>distributione,</em></span> <span class='ocrx_word' id='word_1_28' title='bbox 1214 427 1314 454; x_wconf 85' lang='lat' dir='ltr'><em>non</em></span> 
     </span>
     <span class='ocr_line' id='line_1_6' title="bbox 147 465 1317 526; baseline 0.003 -20"><span class='ocrx_word' id='word_1_29' title='bbox 147 465 266 507; x_wconf 83' lang='lat' dir='ltr'><em>ordo</em></span> <span class='ocrx_word' id='word_1_30' title='bbox 306 469 558 523; x_wconf 77' lang='lat' dir='ltr'><em>temporis,</em></span> <span class='ocrx_word' id='word_1_31' title='bbox 610 467 694 508; x_wconf 82' lang='lat' dir='ltr'><em>scd</em></span> <span class='ocrx_word' id='word_1_32' title='bbox 719 466 1012 526; x_wconf 80' lang='lat' dir='ltr'><em>facinorum</em></span> <span class='ocrx_word' id='word_1_33' title='bbox 1049 484 1229 526; x_wconf 80' lang='lat' dir='ltr'><em>genera</em></span> <span class='ocrx_word' id='word_1_34' title='bbox 1268 480 1317 510; x_wconf 87' lang='lat' dir='ltr'><em>et</em></span> 
     </span>
     <span class='ocr_line' id='line_1_7' title="bbox 144 525 1315 580; baseline 0.003 -17"><span class='ocrx_word' id='word_1_35' title='bbox 144 536 388 564; x_wconf 81' lang='lat' dir='ltr'><em>momenta</em></span> <span class='ocrx_word' id='word_1_36' title='bbox 428 535 623 565; x_wconf 78' lang='lat' dir='ltr'><em>servata</em></span> <span class='ocrx_word' id='word_1_37' title='bbox 667 535 791 566; x_wconf 88' lang='lat' dir='ltr'><em>sunt.</em></span> <span class='ocrx_word' id='word_1_38' title='bbox 861 525 1042 580; x_wconf 87' lang='lat' dir='ltr'><em>Incipit</em></span> <span class='ocrx_word' id='word_1_39' title='bbox 1082 538 1243 566; x_wconf 83' lang='lat' dir='ltr'><em>autem</em></span> <span class='ocrx_word' id='word_1_40' title='bbox 1283 540 1315 567; x_wconf 84' lang='lat' dir='ltr'><em>a</em></span> 
     </span>
     <span class='ocr_line' id='line_1_8' title="bbox 143 579 1315 637; baseline 0.002 -17"><span class='ocrx_word' id='word_1_41' title='bbox 143 579 292 620; x_wconf 85' lang='lat' dir='ltr'><em>laude</em></span> <span class='ocrx_word' id='word_1_42' title='bbox 315 579 517 621; x_wconf 78' lang='lat' dir='ltr'><em>Siciliae</em></span> <span class='ocrx_word' id='word_1_43' title='bbox 547 592 593 621; x_wconf 77' lang='lat' dir='ltr'><em>ct</em></span> <span class='ocrx_word' id='word_1_44' title='bbox 623 579 865 637; x_wconf 76' lang='lat' dir='ltr'><em>egreditur</em></span> <span class='ocrx_word' id='word_1_45' title='bbox 897 580 962 622; x_wconf 87' lang='lat' dir='ltr'><em>ad</em></span> <span class='ocrx_word' id='word_1_46' title='bbox 993 583 1173 625; x_wconf 82' lang='lat' dir='ltr'><em>crimen</em></span> <span class='ocrx_word' id='word_1_47' title='bbox 1188 581 1315 623; x_wconf 88' lang='lat' dir='ltr'><em>Dio-</em></span> 
     </span>
     <span class='ocr_line' id='line_1_9' title="bbox 144 636 1315 693; baseline 0.003 -17"><span class='ocrx_word' id='word_1_48' title='bbox 144 637 246 681; x_wconf 84' lang='lat' dir='ltr'><em>nis,</em></span> <span class='ocrx_word' id='word_1_49' title='bbox 295 636 471 678; x_wconf 80' lang='lat' dir='ltr'><em>deinde</em></span> <span class='ocrx_word' id='word_1_50' title='bbox 496 637 687 693; x_wconf 82' lang='lat' dir='ltr'><em>Sosippi</em></span> <span class='ocrx_word' id='word_1_51' title='bbox 718 648 762 677; x_wconf 80' lang='lat' dir='ltr'><em>et</em></span> <span class='ocrx_word' id='word_1_52' title='bbox 784 636 1042 693; x_wconf 72' lang='lat' dir='ltr'><em>Epicratis.</em></span> <span class='ocrx_word' id='word_1_53' title='bbox 1128 637 1223 681; x_wconf 82' lang='lat' dir='ltr'><em>Sed</em></span> <span class='ocrx_word' id='word_1_54' title='bbox 1254 638 1315 680; x_wconf 81' lang='lat' dir='ltr'><em>de</em></span> 
     </span>
     <span class='ocr_line' id='line_1_10' title="bbox 143 692 1310 751; baseline 0.003 -18"><span class='ocrx_word' id='word_1_55' title='bbox 143 693 249 733; x_wconf 85' lang='lat' dir='ltr'><em>iure</em></span> <span class='ocrx_word' id='word_1_56' title='bbox 281 692 555 734; x_wconf 82' lang='lat' dir='ltr'><em>Siculorum</em></span> <span class='ocrx_word' id='word_1_57' title='bbox 587 707 749 734; x_wconf 77' lang='lat' dir='ltr'><em>everso</em></span> <span class='ocrx_word' id='word_1_58' title='bbox 767 692 963 751; x_wconf 81' lang='lat' dir='ltr'><em>frustra</em></span> <span class='ocrx_word' id='word_1_59' title='bbox 996 693 1195 750; x_wconf 77' lang='lat' dir='ltr'><em>quidam</em></span> <span class='ocrx_word' id='word_1_60' title='bbox 1232 695 1310 736; x_wconf 84' lang='lat' dir='ltr'><em>Ci-</em></span> 
     </span>
     <span class='ocr_line' id='line_1_11' title="bbox 145 747 1317 806; baseline 0.003 -16"><span class='ocrx_word' id='word_1_61' title='bbox 145 763 368 790; x_wconf 80' lang='lat' dir='ltr'><em>ceronem</em></span> <span class='ocrx_word' id='word_1_62' title='bbox 389 747 769 806; x_wconf 77' lang='lat' dir='ltr'><em>reprehendunt,</em></span> <span class='ocrx_word' id='word_1_63' title='bbox 800 748 931 805; x_wconf 73' lang='lat' dir='ltr'><em>quod</em></span> <span class='ocrx_word' id='word_1_64' title='bbox 951 765 1050 792; x_wconf 90' lang='lat' dir='ltr'><em>non</em></span> <span class='ocrx_word' id='word_1_65' title='bbox 1068 749 1184 792; x_wconf 79' lang='lat' dir='ltr'><em>inde</em></span> <span class='ocrx_word' id='word_1_66' title='bbox 1205 767 1317 793; x_wconf 79' lang='lat' dir='ltr'><em>coe-</em></span> 
     </span>
     <span class='ocr_line' id='line_1_12' title="bbox 140 807 1313 864; baseline 0.002 -18"><span class='ocrx_word' id='word_1_67' title='bbox 140 807 293 863; x_wconf 56' lang='lat' dir='ltr'><em>perit,-</em></span> <span class='ocrx_word' id='word_1_68' title='bbox 332 820 477 862; x_wconf 79' lang='lat' dir='ltr'><em>quum·</em></span> <span class='ocrx_word' id='word_1_69' title='bbox 505 807 755 863; x_wconf 79' lang='lat' dir='ltr'><em>superiora</em></span> <span class='ocrx_word' id='word_1_70' title='bbox 784 807 991 847; x_wconf 85' lang='lat' dir='ltr'><em>crimina</em></span> <span class='ocrx_word' id='word_1_71' title='bbox 1016 822 1115 847; x_wconf 86' lang='lat' dir='ltr'><em>non</em></span> <span class='ocrx_word' id='word_1_72' title='bbox 1140 819 1313 864; x_wconf 77' lang='lat' dir='ltr'><em>egeant</em></span> 
     </span>
     <span class='ocr_line' id='line_1_13' title="bbox 143 860 1314 921; baseline 0.003 -20"><span class='ocrx_word' id='word_1_73' title='bbox 143 860 382 903; x_wconf 83' lang='lat' dir='ltr'><em>eiusmodi</em></span> <span class='ocrx_word' id='word_1_74' title='bbox 410 872 656 907; x_wconf 77' lang='lat' dir='ltr'><em>tractatu,</em></span> <span class='ocrx_word' id='word_1_75' title='bbox 701 863 784 918; x_wconf 80' lang='lat' dir='ltr'><em>qui</em></span> <span class='ocrx_word' id='word_1_76' title='bbox 814 860 880 902; x_wconf 87' lang='lat' dir='ltr'><em>ad</em></span> <span class='ocrx_word' id='word_1_77' title='bbox 897 864 1147 918; x_wconf 79' lang='lat' dir='ltr'><em>sequentia</em></span> <span class='ocrx_word' id='word_1_78' title='bbox 1163 865 1314 921; x_wconf 83' lang='lat' dir='ltr'><em>perti-</em></span> 
     </span>
     <span class='ocr_line' id='line_1_14' title="bbox 143 918 1315 975; baseline 0.002 -16"><span class='ocrx_word' id='word_1_79' title='bbox 143 929 253 966; x_wconf 85' lang='lat' dir='ltr'><em>net;</em></span> <span class='ocrx_word' id='word_1_80' title='bbox 297 930 340 959; x_wconf 82' lang='lat' dir='ltr'><em>et</em></span> <span class='ocrx_word' id='word_1_81' title='bbox 374 919 582 960; x_wconf 85' lang='lat' dir='ltr'><em>oratoris</em></span> <span class='ocrx_word' id='word_1_82' title='bbox 608 918 813 959; x_wconf 87' lang='lat' dir='ltr'><em>consilio</em></span> <span class='ocrx_word' id='word_1_83' title='bbox 847 932 878 959; x_wconf 85' lang='lat' dir='ltr'><em>a</em></span> <span class='ocrx_word' id='word_1_84' title='bbox 904 921 1094 975; x_wconf 77' lang='lat' dir='ltr'><em>magnis</em></span> <span class='ocrx_word' id='word_1_85' title='bbox 1117 919 1315 961; x_wconf 84' lang='lat' dir='ltr'><em>iisdem-</em></span> 
     </span>
     <span class='ocr_line' id='line_1_15' title="bbox 142 973 1312 1030; baseline 0.002 -15"><span class='ocrx_word' id='word_1_86' title='bbox 142 990 235 1030; x_wconf 67' lang='lat' dir='ltr'><em>que</em></span> <span class='ocrx_word' id='word_1_87' title='bbox 270 975 557 1016; x_wconf 83' lang='lat' dir='ltr'><em>clarioribus</em></span> <span class='ocrx_word' id='word_1_88' title='bbox 586 973 1019 1016; x_wconf 70' lang='lat' dir='ltr'><em>sumendumcsset</em></span> <span class='ocrx_word' id='word_1_89' title='bbox 1041 974 1312 1018; x_wconf 60' lang='lat' dir='ltr'><em>exordium.</em></span> 
     </span>
     <span class='ocr_line' id='line_1_16' title="bbox 141 1029 1314 1089; baseline 0.003 -19"><span class='ocrx_word' id='word_1_90' title='bbox 141 1030 315 1088; x_wconf 70' lang='lat' dir='ltr'><em>Itaque</em></span> <span class='ocrx_word' id='word_1_91' title='bbox 332 1043 441 1087; x_wconf 86' lang='lat' dir='ltr'><em>post</em></span> <span class='ocrx_word' id='word_1_92' title='bbox 462 1031 581 1077; x_wconf 67' lang='grc' dir='ltr'><strong><em>Ῐιοο,</em></strong></span> <span class='ocrx_word' id='word_1_93' title='bbox 615 1029 710 1071; x_wconf 87' lang='lat' dir='ltr'><em>duo</em></span> <span class='ocrx_word' id='word_1_94' title='bbox 733 1033 988 1072; x_wconf 83' lang='lat' dir='ltr'><em>criminum</em></span> <span class='ocrx_word' id='word_1_95' title='bbox 1007 1046 1187 1088; x_wconf 78' lang='lat' dir='ltr'><em>genera</em></span> <span class='ocrx_word' id='word_1_96' title='bbox 1204 1047 1314 1089; x_wconf 85' lang='lat' dir='ltr'><em>per-</em></span> 
     </span>
     <span class='ocr_line' id='line_1_17' title="bbox 141 1087 1311 1145; baseline 0 -17"><span class='ocrx_word' id='word_1_97' title='bbox 141 1090 358 1145; x_wconf 82' lang='lat' dir='ltr'><em>sequitur</em></span> <span class='ocrx_word' id='word_1_98' title='bbox 376 1087 442 1129; x_wconf 82' lang='lat' dir='ltr'><em>ad</em></span> <span class='ocrx_word' id='word_1_99' title='bbox 464 1099 744 1132; x_wconf 63' lang='lat' dir='ltr'><em>extremum,</em></span> <span class='ocrx_word' id='word_1_100' title='bbox 771 1091 977 1145; x_wconf 86' lang='lat' dir='ltr'><em>primum</em></span> <span class='ocrx_word' id='word_1_101' title='bbox 1000 1088 1058 1128; x_wconf 79' lang='lat' dir='ltr'><em>de</em></span> <span class='ocrx_word' id='word_1_102' title='bbox 1079 1087 1311 1134; x_wconf 75' lang='lat' dir='ltr'><em>Heraclio</em></span> 
     </span>
     <span class='ocr_line' id='line_1_18' title="bbox 143 1142 1313 1201; baseline -0.001 -16"><span class='ocrx_word' id='word_1_103' title='bbox 143 1143 204 1185; x_wconf 81' lang='lat' dir='ltr'><em>de</em></span> <span class='ocrx_word' id='word_1_104' title='bbox 233 1146 467 1199; x_wconf 77' lang='lat' dir='ltr'><em>expressis</em></span> <span class='ocrx_word' id='word_1_105' title='bbox 499 1142 762 1184; x_wconf 71' lang='lat' dir='ltr'><em>honoribus</em></span> <span class='ocrx_word' id='word_1_106' title='bbox 783 1144 843 1184; x_wconf 84' lang='lat' dir='ltr'><em>ab</em></span> <span class='ocrx_word' id='word_1_107' title='bbox 875 1145 1072 1190; x_wconf 80' lang='lat' dir='ltr'><em>invitis,</em></span> <span class='ocrx_word' id='word_1_108' title='bbox 1117 1143 1175 1185; x_wconf 85' lang='lat' dir='ltr'><em>de</em></span> <span class='ocrx_word' id='word_1_109' title='bbox 1194 1143 1313 1201; x_wconf 88' lang='lat' dir='ltr'><em>Epi-</em></span> 
     </span>
     <span class='ocr_line' id='line_1_19' title="bbox 142 1198 1312 1257; baseline -0.001 -16"><span class='ocrx_word' id='word_1_110' title='bbox 142 1212 278 1241; x_wconf 78' lang='lat' dir='ltr'><em>crate</em></span> <span class='ocrx_word' id='word_1_111' title='bbox 297 1200 512 1246; x_wconf 78' lang='lat' dir='ltr'><em>Bideno,</em></span> <span class='ocrx_word' id='word_1_112' title='bbox 547 1198 697 1257; x_wconf 77' lang='lat' dir='ltr'><em>deque</em></span> <span class='ocrx_word' id='word_1_113' title='bbox 725 1200 862 1241; x_wconf 80' lang='lat' dir='ltr'><em>robus</em></span> <span class='ocrx_word' id='word_1_114' title='bbox 883 1199 1203 1255; x_wconf 71' lang='lat' dir='ltr'><em>capitalibus,</em></span> <span class='ocrx_word' id='word_1_115' title='bbox 1228 1200 1312 1242; x_wconf 83' lang='lat' dir='ltr'><em>ubi</em></span> 
     </span>
     <span class='ocr_line' id='line_1_20' title="bbox 143 1255 1313 1315; baseline 0 -18"><span class='ocrx_word' id='word_1_116' title='bbox 143 1255 203 1297; x_wconf 84' lang='lat' dir='ltr'><em>de</em></span> <span class='ocrx_word' id='word_1_117' title='bbox 234 1257 466 1315; x_wconf 80' lang='lat' dir='ltr'><em>Sopatro,</em></span> <span class='ocrx_word' id='word_1_118' title='bbox 501 1256 559 1297; x_wconf 81' lang='lat' dir='ltr'><em>de</em></span> <span class='ocrx_word' id='word_1_119' title='bbox 587 1255 812 1301; x_wconf 73' lang='lat' dir='ltr'><em>Sthenio,</em></span> <span class='ocrx_word' id='word_1_120' title='bbox 849 1270 971 1312; x_wconf 81' lang='lat' dir='ltr'><em>quae</em></span> <span class='ocrx_word' id='word_1_121' title='bbox 1008 1257 1173 1298; x_wconf 87' lang='lat' dir='ltr'><em>omnia</em></span> <span class='ocrx_word' id='word_1_122' title='bbox 1200 1267 1313 1297; x_wconf 84' lang='lat' dir='ltr'><em>sunt</em></span> 
     </span>
     <span class='ocr_line' id='line_1_21' title="bbox 142 1309 1310 1358; baseline -0.002 -4"><span class='ocrx_word' id='word_1_123' title='bbox 142 1311 203 1354; x_wconf 78' lang='lat' dir='ltr'><em>de</em></span> <span class='ocrx_word' id='word_1_124' title='bbox 232 1315 336 1354; x_wconf 81' lang='lat' dir='ltr'><em>iure</em></span> <span class='ocrx_word' id='word_1_125' title='bbox 368 1311 598 1354; x_wconf 81' lang='lat' dir='ltr'><em>dicundo.</em></span> <span class='ocrx_word' id='word_1_126' title='bbox 658 1309 883 1354; x_wconf 84' lang='lat' dir='ltr'><em>Alterum</em></span> <span class='ocrx_word' id='word_1_127' title='bbox 911 1310 969 1352; x_wconf 81' lang='lat' dir='ltr'><em>de</em></span> <span class='ocrx_word' id='word_1_128' title='bbox 988 1312 1310 1358; x_wconf 85' lang='lat' dir='ltr'><em>senatoribus,</em></span> 
     </span>
     <span class='ocr_line' id='line_1_22' title="bbox 141 1367 1311 1427; baseline -0.002 -16"><span class='ocrx_word' id='word_1_129' title='bbox 141 1384 202 1411; x_wconf 86' lang='lat' dir='ltr'><em>ac</em></span> <span class='ocrx_word' id='word_1_130' title='bbox 222 1369 572 1414; x_wconf 77' lang='lat' dir='ltr'><em>sacerdotibus,</em></span> <span class='ocrx_word' id='word_1_131' title='bbox 598 1368 657 1410; x_wconf 83' lang='lat' dir='ltr'><em>de</em></span> <span class='ocrx_word' id='word_1_132' title='bbox 679 1367 954 1409; x_wconf 80' lang='lat' dir='ltr'><em>censoribus</em></span> <span class='ocrx_word' id='word_1_133' title='bbox 968 1370 1122 1427; x_wconf 83' lang='lat' dir='ltr'><em>pretio</em></span> <span class='ocrx_word' id='word_1_134' title='bbox 1146 1383 1177 1410; x_wconf 92' lang='lat' dir='ltr'><em>a</em></span> <span class='ocrx_word' id='word_1_135' title='bbox 1196 1367 1311 1409; x_wconf 79' lang='lat' dir='ltr'><em>Ver-</em></span> 
     </span>
     <span class='ocr_line' id='line_1_23' title="bbox 139 1423 1311 1484; baseline -0.001 -17"><span class='ocrx_word' id='word_1_136' title='bbox 139 1440 192 1467; x_wconf 77' lang='lat' dir='ltr'><em>re</em></span> <span class='ocrx_word' id='word_1_137' title='bbox 209 1424 400 1484; x_wconf 87' lang='lat' dir='ltr'><em>factis;</em></span> <span class='ocrx_word' id='word_1_138' title='bbox 444 1424 502 1466; x_wconf 82' lang='lat' dir='ltr'><em>clo</em></span> <span class='ocrx_word' id='word_1_139' title='bbox 525 1425 791 1466; x_wconf 80' lang='lat' dir='ltr'><em>collatione</em></span> <span class='ocrx_word' id='word_1_140' title='bbox 820 1426 874 1465; x_wconf 83' lang='lat' dir='ltr'><em>in</em></span> <span class='ocrx_word' id='word_1_141' title='bbox 897 1436 1109 1470; x_wconf 85' lang='lat' dir='ltr'><em>statuas,</em></span> <span class='ocrx_word' id='word_1_142' title='bbox 1143 1423 1202 1467; x_wconf 80' lang='lat' dir='ltr'><em>de</em></span> <span class='ocrx_word' id='word_1_143' title='bbox 1221 1439 1311 1481; x_wconf 86' lang='lat' dir='ltr'><em>pu-</em></span> 
     </span>
     <span class='ocr_line' id='line_1_24' title="bbox 140 1480 1312 1580; baseline -0.002 -57"><span class='ocrx_word' id='word_1_144' title='bbox 140 1481 447 1524; x_wconf 82' lang='lat' dir='ltr'><em>blicanorum</em></span> <span class='ocrx_word' id='word_1_145' title='bbox 468 1495 574 1523; x_wconf 86' lang='lat' dir='ltr'><em>cum</em></span> <span class='ocrx_word' id='word_1_146' title='bbox 596 1481 741 1523; x_wconf 74' lang='lat' dir='ltr'><em>Verre</em></span> <span class='ocrx_word' id='word_1_147' title='bbox 765 1482 1112 1523; x_wconf 83' lang='lat' dir='ltr'><em>convenientia</em></span> <span class='ocrx_word' id='word_1_148' title='bbox 1132 1480 1312 1580; x_wconf 45' lang='grc' dir='ltr'><em>ἐγαν-</em></span> 
     </span>
     <span class='ocr_line' id='line_1_25' title="bbox 139 1537 1311 1594; baseline -0.001 -15"><span class='ocrx_word' id='word_1_149' title='bbox 139 1540 230 1585; x_wconf 81' lang='lat' dir='ltr'><em>tis,</em></span> <span class='ocrx_word' id='word_1_150' title='bbox 273 1538 343 1580; x_wconf 80' lang='lat' dir='ltr'><em>de.</em></span> <span class='ocrx_word' id='word_1_151' title='bbox 362 1537 542 1580; x_wconf 87' lang='lat' dir='ltr'><em>tabulis</em></span> <span class='ocrx_word' id='word_1_152' title='bbox 574 1537 852 1593; x_wconf 84' lang='lat' dir='ltr'><em>Carpinatii</em></span> <span class='ocrx_word' id='word_1_153' title='bbox 881 1539 1117 1594; x_wconf 81' lang='lat' dir='ltr'><em>pecunias</em></span> <span class='ocrx_word' id='word_1_154' title='bbox 1194 1538 1311 1580; x_wconf 77' lang='lat' dir='ltr'><em>orris</em></span> 
     </span>
     <span class='ocr_line' id='line_1_26' title="bbox 139 1594 1311 1638; baseline -0.001 -2"><span class='ocrx_word' id='word_1_155' title='bbox 139 1594 567 1638; x_wconf 79' lang='lat' dir='ltr'><em>extraordinarias</em></span> <span class='ocrx_word' id='word_1_156' title='bbox 589 1595 963 1635; x_wconf 76' lang='lat' dir='ltr'><em>continentibus.</em></span> <span class='ocrx_word' id='word_1_157' title='bbox 1010 1594 1173 1636; x_wconf 82' lang='lat' dir='ltr'><em>Genus</em></span> <span class='ocrx_word' id='word_1_158' title='bbox 1193 1609 1311 1635; x_wconf 86' lang='lat' dir='ltr'><em>cau-</em></span> 
     </span>
     <span class='ocr_line' id='line_1_27' title="bbox 139 1649 1310 1694; baseline 0 -2"><span class='ocrx_word' id='word_1_159' title='bbox 139 1665 223 1694; x_wconf 79' lang='lat' dir='ltr'><em>sae</em></span> <span class='ocrx_word' id='word_1_160' title='bbox 243 1654 297 1693; x_wconf 91' lang='lat' dir='ltr'><em>in</em></span> <span class='ocrx_word' id='word_1_161' title='bbox 318 1651 536 1693; x_wconf 84' lang='lat' dir='ltr'><em>omnibus</em></span> <span class='ocrx_word' id='word_1_162' title='bbox 551 1650 865 1691; x_wconf 80' lang='lat' dir='ltr'><em>Verrinarum</em></span> <span class='ocrx_word' id='word_1_163' title='bbox 889 1651 1024 1692; x_wconf 83' lang='lat' dir='ltr'><em>libris</em></span> <span class='ocrx_word' id='word_1_164' title='bbox 1043 1649 1310 1692; x_wconf 78' lang='lat' dir='ltr'><em>admirabi-</em></span> 
     </span>
     <span class='ocr_line' id='line_1_28' title="bbox 141 1707 1112 1766; baseline -0.002 -15"><span class='ocrx_word' id='word_1_165' title='bbox 141 1708 202 1754; x_wconf 81' lang='lat' dir='ltr'><em>le.</em></span> <span class='ocrx_word' id='word_1_166' title='bbox 264 1708 427 1750; x_wconf 84' lang='lat' dir='ltr'><em>Status</em></span> <span class='ocrx_word' id='word_1_167' title='bbox 451 1707 792 1766; x_wconf 78' lang='lat' dir='ltr'><em>principaliter</em></span> <span class='ocrx_word' id='word_1_168' title='bbox 814 1708 1112 1749; x_wconf 81' lang='lat' dir='ltr'><em>coniectura.</em></span> 
     </span>
    </p>

    <p class='ocr_par' dir='ltr' id='par_1_3' title="bbox 139 1817 1319 2033">
     <span class='ocr_line' id='line_1_29' title="bbox 252 1817 1311 1877; baseline -0.004 -13"><span class='ocrx_word' id='word_1_169' title='bbox 252 1825 350 1877; x_wconf 84' lang='lat' dir='ltr'><em>Cap.</em></span> <span class='ocrx_word' id='word_1_170' title='bbox 380 1823 410 1863; x_wconf 83' lang='lat'><em>1.</em></span> <span class='ocrx_word' id='word_1_171' title='bbox 468 1819 547 1860; x_wconf 87' lang='lat' dir='ltr'><em>Ea</em></span> <span class='ocrx_word' id='word_1_172' title='bbox 583 1834 656 1860; x_wconf 80' lang='lat' dir='ltr'><em>mc</em></span> <span class='ocrx_word' id='word_1_173' title='bbox 685 1817 750 1860; x_wconf 80' lang='lat' dir='ltr'><em>ad</em></span> <span class='ocrx_word' id='word_1_174' title='bbox 781 1819 872 1860; x_wconf 76' lang='lat' dir='ltr'><em>hoc</em></span> <span class='ocrx_word' id='word_1_175' title='bbox 915 1821 1162 1876; x_wconf 73' lang='lat' dir='ltr'><em>negotium</em></span> <span class='ocrx_word' id='word_1_176' title='bbox 1196 1833 1311 1876; x_wconf 88' lang='lat' dir='ltr'><em>pro-</em></span> 
     </span>
     <span class='ocr_line' id='line_1_30' title="bbox 141 1875 1319 1931; baseline -0.004 -10"><span class='ocrx_word' id='word_1_177' title='bbox 141 1881 314 1921; x_wconf 72' lang='lat' dir='ltr'><em>vincia</em></span> <span class='ocrx_word' id='word_1_178' title='bbox 334 1875 559 1931; x_wconf 73' lang='lat' dir='ltr'><em>attraxit]</em></span> <span class='ocrx_word' id='word_1_179' title='bbox 590 1877 677 1916; x_wconf 83' lang='lat' dir='ltr'><em>Hoc</em></span> <span class='ocrx_word' id='word_1_180' title='bbox 697 1892 796 1916; x_wconf 77' lang='lat' dir='ltr'><em>vero</em></span> <span class='ocrx_word' id='word_1_181' title='bbox 821 1879 914 1930; x_wconf 85' lang='lat' dir='ltr'><em>plus</em></span> <span class='ocrx_word' id='word_1_182' title='bbox 941 1885 1023 1927; x_wconf 78' lang='lat' dir='ltr'><em>est,</em></span> <span class='ocrx_word' id='word_1_183' title='bbox 1053 1892 1177 1930; x_wconf 83' lang='lat' dir='ltr'><em>quam</em></span> <span class='ocrx_word' id='word_1_184' title='bbox 1197 1878 1319 1930; x_wconf 85' lang='lat' dir='ltr'>quod·</span> 
     </span>
     <span class='ocr_line' id='line_1_31' title="bbox 139 1931 1310 1988; baseline -0.003 -12"><span class='ocrx_word' id='word_1_185' title='bbox 139 1940 185 1977; x_wconf 84' lang='lat' dir='ltr'><em>in</em></span> <span class='ocrx_word' id='word_1_186' title='bbox 206 1938 479 1976; x_wconf 77' lang='lat' dir='ltr'><em>Divinatione</em></span> <span class='ocrx_word' id='word_1_187' title='bbox 506 1935 636 1974; x_wconf 71' lang='lat' dir='ltr'><em>dixit:</em></span> <span class='ocrx_word' id='word_1_188' title='bbox 672 1931 868 1988; x_wconf 78' lang='lat' dir='ltr'><em>Suscepi</em></span> <span class='ocrx_word' id='word_1_189' title='bbox 898 1946 1096 1974; x_wconf 86' lang='lat' dir='ltr'><em>causam</em></span> <span class='ocrx_word' id='word_1_190' title='bbox 1123 1932 1196 1974; x_wconf 81' lang='lat' dir='ltr'><em>rei</em></span> <span class='ocrx_word' id='word_1_191' title='bbox 1219 1946 1310 1988; x_wconf 83' lang='lat' dir='ltr'><em>pu-</em></span> 
     </span>
     <span class='ocr_line' id='line_1_32' title="bbox 141 1992 314 2033; baseline 0.006 -1"><span class='ocrx_word' id='word_1_192' title='bbox 141 1992 314 2033; x_wconf 77' lang='lat' dir='ltr'><em>blicae.</em></span> 
     </span>
    </p>

    <p class='ocr_par' dir='ltr' id='par_1_4' title="bbox 137 2044 1311 2262">
     <span class='ocr_line' id='line_1_33' title="bbox 251 2044 1311 2102; baseline -0.005 -13"><span class='ocrx_word' id='word_1_193' title='bbox 251 2047 484 2102; x_wconf 81' lang='lat' dir='ltr'><em>Princeps</em></span> <span class='ocrx_word' id='word_1_194' title='bbox 513 2044 711 2100; x_wconf 81' lang='lat' dir='ltr'><em>Sicilia]</em></span> <span class='ocrx_word' id='word_1_195' title='bbox 746 2048 854 2086; x_wconf 84' lang='lat' dir='ltr'><em>Tum</em></span> <span class='ocrx_word' id='word_1_196' title='bbox 886 2061 1014 2100; x_wconf 87' lang='lat' dir='ltr'><em>quum</em></span> <span class='ocrx_word' id='word_1_197' title='bbox 1033 2047 1221 2087; x_wconf 80' lang='lat' dir='ltr'><em>Messana</em></span> <span class='ocrx_word' id='word_1_198' title='bbox 1249 2047 1311 2085; x_wconf 79' lang='lat' dir='ltr'><em>ci-</em></span> 
     </span>
     <span class='ocr_line' id='line_1_34' title="bbox 137 2104 1311 2147; baseline -0.006 0"><span class='ocrx_word' id='word_1_199' title='bbox 137 2108 246 2147; x_wconf 78' lang='lat' dir='ltr'><em>vitas</em></span> <span class='ocrx_word' id='word_1_200' title='bbox 274 2107 476 2145; x_wconf 79' lang='lat' dir='ltr'><em>seditione</em></span> <span class='ocrx_word' id='word_1_201' title='bbox 505 2106 640 2144; x_wconf 82' lang='lat' dir='ltr'><em>divisa</em></span> <span class='ocrx_word' id='word_1_202' title='bbox 669 2105 872 2143; x_wconf 75' lang='lat' dir='ltr'><em>auxilium</em></span> <span class='ocrx_word' id='word_1_203' title='bbox 914 2110 1060 2144; x_wconf 81' lang='lat' dir='ltr'><em>contra</em></span> <span class='ocrx_word' id='word_1_204' title='bbox 1085 2104 1311 2143; x_wconf 72' lang='lat' dir='ltr'><em>Hieronem</em></span> 
     </span>
     <span class='ocr_line' id='line_1_35' title="bbox 137 2160 1310 2216; baseline -0.003 -15"><span class='ocrx_word' id='word_1_205' title='bbox 137 2178 212 2215; x_wconf 83' lang='lat' dir='ltr'><em>per</em></span> <span class='ocrx_word' id='word_1_206' title='bbox 232 2164 385 2216; x_wconf 60' lang='lat' dir='ltr'><em>legatos</em></span> <span class='ocrx_word' id='word_1_207' title='bbox 405 2177 427 2199; x_wconf 86' lang='lat' dir='ltr'><em>a</em></span> <span class='ocrx_word' id='word_1_208' title='bbox 446 2162 603 2216; x_wconf 72' lang='lat' dir='ltr'><em>populo</em></span> <span class='ocrx_word' id='word_1_209' title='bbox 622 2161 809 2201; x_wconf 82' lang='lat' dir='ltr'><em>Romano</em></span> <span class='ocrx_word' id='word_1_210' title='bbox 828 2162 976 2216; x_wconf 75' lang='lat' dir='ltr'><em>petiit3</em></span> <span class='ocrx_word' id='word_1_211' title='bbox 1013 2160 1125 2214; x_wconf 87' lang='lat' dir='ltr'><em>quod</em></span> <span class='ocrx_word' id='word_1_212' title='bbox 1142 2160 1310 2200; x_wconf 80' lang='lat' dir='ltr'><em>initium</em></span> 
     </span>
     <span class='ocr_line' id='line_1_36' title="bbox 137 2219 1054 2262; baseline -0.001 -4"><span class='ocrx_word' id='word_1_213' title='bbox 137 2220 221 2259; x_wconf 79' lang='lat' dir='ltr'><em>suit</em></span> <span class='ocrx_word' id='word_1_214' title='bbox 243 2219 502 2262; x_wconf 57' lang='lat' dir='ltr'><em>discordiae„</em></span> <span class='ocrx_word' id='word_1_215' title='bbox 919 2246 927 2257; x_wconf 31' lang='grc' dir='ltr'>χ</span> <span class='ocrx_word' id='word_1_216' title='bbox 1048 2235 1054 2240; x_wconf 86' lang='grc'><em>·</em></span> 
     </span>
    </p>
   </div>
  </div>
 </body>
</html>
