<?xml version="1.0" encoding="UTF-8"?>
<!DOCTYPE html PUBLIC "-//W3C//DTD XHTML 1.0 Transitional//EN"
    "http://www.w3.org/TR/xhtml1/DTD/xhtml1-transitional.dtd">
<html xmlns="http://www.w3.org/1999/xhtml" xml:lang="en" lang="en">
 <head>
  <title>
</title>
<meta http-equiv="Content-Type" content="text/html;charset=utf-8" />
  <meta name='ocr-system' content='tesseract 3.04.00' />
  <meta name='ocr-capabilities' content='ocr_page ocr_carea ocr_par ocr_line ocrx_word'/>
</head>
<body>
  <div class='ocr_page' id='page_1' title='image "./operaquaesupersu05ciceuoft_0496.png"; bbox 0 0 1431 2481; ppageno 0'>
   <div class='ocr_carea' id='block_1_1' title="bbox 178 120 1020 196">
    <p class='ocr_par' dir='ltr' id='par_1_1' title="bbox 178 120 1020 196">
     <span class='ocr_line' id='line_1_1' title="bbox 178 120 1020 196; baseline 0.008 -19"><span class='ocrx_word' id='word_1_1' title='bbox 178 155 225 196; x_wconf 55' lang='lat'>,3</span> <span class='ocrx_word' id='word_1_2' title='bbox 449 120 455 121; x_wconf 46' lang='lat'><em>⁷</em></span> <span class='ocrx_word' id='word_1_3' title='bbox 505 143 571 183; x_wconf 74' lang='lat' dir='ltr'>,m</span> <span class='ocrx_word' id='word_1_4' title='bbox 595 143 806 186; x_wconf 66' lang='lat' dir='ltr'>rmum</span> <span class='ocrx_word' id='word_1_5' title='bbox 825 146 940 185; x_wconf 69' lang='lat' dir='ltr'>mr.</span> <span class='ocrx_word' id='word_1_6' title='bbox 965 146 1020 184; x_wconf 77' lang='lat'>11,</span> 
     </span>
    </p>
   </div>
   <div class='ocr_carea' id='block_1_2' title="bbox 180 236 1360 634">
    <p class='ocr_par' dir='ltr' id='par_1_2' title="bbox 180 236 1360 634">
     <span class='ocr_line' id='line_1_2' title="bbox 180 236 1356 298; baseline 0.002 -18"><span class='ocrx_word' id='word_1_7' title='bbox 180 236 545 293; x_wconf 66' lang='lat' dir='ltr'>sus&#39;aratorum,</span> <span class='ocrx_word' id='word_1_8' title='bbox 592 238 670 296; x_wconf 85' lang='lat' dir='ltr'>qui</span> <span class='ocrx_word' id='word_1_9' title='bbox 697 253 791 281; x_wconf 88' lang='lat' dir='ltr'>non</span> <span class='ocrx_word' id='word_1_10' title='bbox 818 239 956 282; x_wconf 88' lang='lat' dir='ltr'>modo</span> <span class='ocrx_word' id='word_1_11' title='bbox 985 254 1043 283; x_wconf 83' lang='lat' dir='ltr'>ex</span> <span class='ocrx_word' id='word_1_12' title='bbox 1079 240 1201 298; x_wconf 85' lang='lat' dir='ltr'>agris</span> <span class='ocrx_word' id='word_1_13' title='bbox 1227 241 1356 284; x_wconf 82' lang='lat' dir='ltr'>eiecti</span> 
     </span>
     <span class='ocr_line' id='line_1_3' title="bbox 183 291 1356 353; baseline 0.003 -18"><span class='ocrx_word' id='word_1_14' title='bbox 183 302 312 348; x_wconf 79' lang='lat' dir='ltr'>sunt,</span> <span class='ocrx_word' id='word_1_15' title='bbox 359 291 437 335; x_wconf 86' lang='lat' dir='ltr'>sed</span> <span class='ocrx_word' id='word_1_16' title='bbox 462 294 600 336; x_wconf 79' lang='lat' dir='ltr'>etiam</span> <span class='ocrx_word' id='word_1_17' title='bbox 629 304 689 336; x_wconf 81' lang='lat' dir='ltr'>ex</span> <span class='ocrx_word' id='word_1_18' title='bbox 713 296 965 339; x_wconf 80' lang='lat' dir='ltr'>civitatibus</span> <span class='ocrx_word' id='word_1_19' title='bbox 999 298 1114 352; x_wconf 80' lang='lat' dir='ltr'>suis,</span> <span class='ocrx_word' id='word_1_20' title='bbox 1168 311 1227 338; x_wconf 84' lang='lat' dir='ltr'>ex</span> <span class='ocrx_word' id='word_1_21' title='bbox 1253 312 1356 353; x_wconf 83' lang='lat' dir='ltr'>pro-</span> 
     </span>
     <span class='ocr_line' id='line_1_4' title="bbox 182 349 1356 410; baseline 0.002 -19"><span class='ocrx_word' id='word_1_22' title='bbox 182 349 362 405; x_wconf 71' lang='lat' dir='ltr'>vincia,</span> <span class='ocrx_word' id='word_1_23' title='bbox 424 349 617 407; x_wconf 85' lang='lat' dir='ltr'>denique</span> <span class='ocrx_word' id='word_1_24' title='bbox 651 350 780 394; x_wconf 79' lang='lat' dir='ltr'>bonis</span> <span class='ocrx_word' id='word_1_25' title='bbox 823 352 1107 410; x_wconf 78' lang='lat' dir='ltr'><strong>fortunisque</strong></span> <span class='ocrx_word' id='word_1_26' title='bbox 1144 353 1356 396; x_wconf 82' lang='lat' dir='ltr'>omnibus</span> 
     </span>
     <span class='ocr_line' id='line_1_5' title="bbox 180 406 1360 466; baseline 0.002 -18"><span class='ocrx_word' id='word_1_27' title='bbox 180 406 377 464; x_wconf 84' lang='lat' dir='ltr'>ereptis,</span> <span class='ocrx_word' id='word_1_28' title='bbox 425 407 751 464; x_wconf 79' lang='lat' dir='ltr'>profugerunt,</span> <span class='ocrx_word' id='word_1_29' title='bbox 797 423 883 466; x_wconf 79' lang='lat' dir='ltr'>qua</span> <span class='ocrx_word' id='word_1_30' title='bbox 909 410 1083 452; x_wconf 81' lang='lat' dir='ltr'>ratione</span> <span class='ocrx_word' id='word_1_31' title='bbox 1111 410 1143 452; x_wconf 84' lang='lat' dir='ltr'>ii</span> <span class='ocrx_word' id='word_1_32' title='bbox 1172 423 1360 451; x_wconf 80' lang='lat' dir='ltr'>revoca-</span> 
     </span>
     <span class='ocr_line' id='line_1_6' title="bbox 183 459 1357 522; baseline 0.002 -18"><span class='ocrx_word' id='word_1_33' title='bbox 183 459 394 507; x_wconf 82' lang='lat' dir='ltr'>buntur?</span> <span class='ocrx_word' id='word_1_34' title='bbox 433 471 544 520; x_wconf 86' lang='lat' dir='ltr'>quot</span> <span class='ocrx_word' id='word_1_35' title='bbox 559 471 825 522; x_wconf 78' lang='lat' dir='ltr'>praetorum</span> <span class='ocrx_word' id='word_1_36' title='bbox 843 465 1100 508; x_wconf 82' lang='lat' dir='ltr'>innocentia</span> <span class='ocrx_word' id='word_1_37' title='bbox 1119 465 1357 522; x_wconf 83' lang='lat' dir='ltr'>sapientia-</span> 
     </span>
     <span class='ocr_line' id='line_1_7' title="bbox 183 519 1357 576; baseline 0.001 -14"><span class='ocrx_word' id='word_1_38' title='bbox 183 533 271 576; x_wconf 90' lang='lat' dir='ltr'>que</span> <span class='ocrx_word' id='word_1_39' title='bbox 299 534 414 576; x_wconf 90' lang='lat' dir='ltr'>opus</span> <span class='ocrx_word' id='word_1_40' title='bbox 442 527 532 573; x_wconf 85' lang='lat' dir='ltr'>est,</span> <span class='ocrx_word' id='word_1_41' title='bbox 566 528 619 561; x_wconf 83' lang='lat' dir='ltr'>ut</span> <span class='ocrx_word' id='word_1_42' title='bbox 643 519 720 561; x_wconf 78' lang='lat' dir='ltr'>illa</span> <span class='ocrx_word' id='word_1_43' title='bbox 752 529 983 563; x_wconf 83' lang='lat' dir='ltr'>aratorum</span> <span class='ocrx_word' id='word_1_44' title='bbox 1008 522 1255 563; x_wconf 87' lang='lat' dir='ltr'>multitudo</span> <span class='ocrx_word' id='word_1_45' title='bbox 1275 520 1357 564; x_wconf 83' lang='lat' dir='ltr'>ali-</span> 
     </span>
     <span class='ocr_line' id='line_1_8' title="bbox 181 572 1254 634; baseline 0.002 -16"><span class='ocrx_word' id='word_1_46' title='bbox 181 577 364 634; x_wconf 84' lang='lat' dir='ltr'>quando</span> <span class='ocrx_word' id='word_1_47' title='bbox 383 575 432 620; x_wconf 85' lang='lat' dir='ltr'>in</span> <span class='ocrx_word' id='word_1_48' title='bbox 450 577 539 619; x_wconf 88' lang='lat' dir='ltr'>suis</span> <span class='ocrx_word' id='word_1_49' title='bbox 559 576 677 633; x_wconf 76' lang='lat' dir='ltr'>agris</span> <span class='ocrx_word' id='word_1_50' title='bbox 697 591 749 619; x_wconf 85' lang='lat' dir='ltr'>ac</span> <span class='ocrx_word' id='word_1_51' title='bbox 769 577 944 620; x_wconf 88' lang='lat' dir='ltr'>sedibus</span> <span class='ocrx_word' id='word_1_52' title='bbox 970 572 1254 620; x_wconf 79' lang='lat' dir='ltr'><strong>collocetur?</strong></span> 
     </span>
    </p>
   </div>
   <div class='ocr_carea' id='block_1_3' title="bbox 177 689 1360 1649">
    <p class='ocr_par' dir='ltr' id='par_1_3' title="bbox 177 689 1360 1649">
     <span class='ocr_line' id='line_1_9' title="bbox 298 689 1358 747; baseline 0.001 -14"><span class='ocrx_word' id='word_1_53' title='bbox 298 689 427 734; x_wconf 88' lang='lat' dir='ltr'><strong>LVI.</strong></span> <span class='ocrx_word' id='word_1_54' title='bbox 464 689 556 742; x_wconf 74' lang='lat' dir='ltr'>Ac,</span> <span class='ocrx_word' id='word_1_55' title='bbox 583 705 640 732; x_wconf 89' lang='lat' dir='ltr'>ne</span> <span class='ocrx_word' id='word_1_56' title='bbox 668 690 920 747; x_wconf 80' lang='lat' dir='ltr'>miremini,</span> <span class='ocrx_word' id='word_1_57' title='bbox 957 699 1130 734; x_wconf 78' lang='lat' dir='ltr'>tantam</span> <span class='ocrx_word' id='word_1_58' title='bbox 1151 691 1358 734; x_wconf 65' lang='lat' dir='ltr'>multitu⁴</span> 
     </span>
     <span class='ocr_line' id='line_1_10' title="bbox 185 747 1355 804; baseline -0.001 -14"><span class='ocrx_word' id='word_1_59' title='bbox 185 748 339 790; x_wconf 89' lang='lat' dir='ltr'>dinem</span> <span class='ocrx_word' id='word_1_60' title='bbox 359 748 636 804; x_wconf 72' lang='lat' dir='ltr'>profugisse,</span> <span class='ocrx_word' id='word_1_61' title='bbox 675 755 889 803; x_wconf 77' lang='lat' dir='ltr'>quantam</span> <span class='ocrx_word' id='word_1_62' title='bbox 908 762 966 789; x_wconf 83' lang='lat' dir='ltr'>ex</span> <span class='ocrx_word' id='word_1_63' title='bbox 985 748 1126 790; x_wconf 86' lang='lat' dir='ltr'>literis</span> <span class='ocrx_word' id='word_1_64' title='bbox 1144 747 1355 804; x_wconf 77' lang='lat' dir='ltr'>publicis,</span> 
     </span>
     <span class='ocr_line' id='line_1_11' title="bbox 180 803 1360 861; baseline 0 -16"><span class='ocrx_word' id='word_1_65' title='bbox 180 811 503 860; x_wconf 76' lang='lat' dir='ltr'>aratorumque</span> <span class='ocrx_word' id='word_1_66' title='bbox 529 803 883 860; x_wconf 77' lang='lat' dir='ltr'>professionibus</span> <span class='ocrx_word' id='word_1_67' title='bbox 925 804 1225 861; x_wconf 78' lang='lat' dir='ltr'>cognovistis:</span> <span class='ocrx_word' id='word_1_68' title='bbox 1271 804 1360 846; x_wconf 83' lang='lat' dir='ltr'>sci-</span> 
     </span>
     <span class='ocr_line' id='line_1_12' title="bbox 181 859 1357 916; baseline 0.001 -15"><span class='ocrx_word' id='word_1_69' title='bbox 181 868 299 916; x_wconf 85' lang='lat' dir='ltr'>tote,</span> <span class='ocrx_word' id='word_1_70' title='bbox 338 868 512 902; x_wconf 74' lang='lat' dir='ltr'>tantam</span> <span class='ocrx_word' id='word_1_71' title='bbox 540 860 834 901; x_wconf 79' lang='lat' dir='ltr'>acerbitatem</span> <span class='ocrx_word' id='word_1_72' title='bbox 860 859 1010 915; x_wconf 81' lang='lat' dir='ltr'>istius,</span> <span class='ocrx_word' id='word_1_73' title='bbox 1052 867 1236 902; x_wconf 76' lang='lat' dir='ltr'>tantum</span> <span class='ocrx_word' id='word_1_74' title='bbox 1262 875 1357 902; x_wconf 84' lang='lat' dir='ltr'>sce-</span> 
     </span>
     <span class='ocr_line' id='line_1_13' title="bbox 181 912 1356 974; baseline -0.001 -16"><span class='ocrx_word' id='word_1_75' title='bbox 181 916 254 958; x_wconf 88' lang='lat' dir='ltr'>lus</span> <span class='ocrx_word' id='word_1_76' title='bbox 279 917 329 958; x_wconf 87' lang='lat' dir='ltr'>in</span> <span class='ocrx_word' id='word_1_77' title='bbox 355 924 554 958; x_wconf 79' lang='lat' dir='ltr'>aratores</span> <span class='ocrx_word' id='word_1_78' title='bbox 581 916 742 972; x_wconf 81' lang='lat' dir='ltr'>fuisse,</span> <span class='ocrx_word' id='word_1_79' title='bbox 790 912 1084 974; x_wconf 86' lang='lat' dir='ltr'>(incredibile</span> <span class='ocrx_word' id='word_1_80' title='bbox 1112 917 1238 958; x_wconf 75' lang='lat' dir='ltr'>dictu</span> <span class='ocrx_word' id='word_1_81' title='bbox 1265 924 1356 971; x_wconf 85' lang='lat' dir='ltr'>est,</span> 
     </span>
     <span class='ocr_line' id='line_1_14' title="bbox 181 971 1358 1029; baseline 0 -15"><span class='ocrx_word' id='word_1_82' title='bbox 181 971 378 1028; x_wconf 67' lang='lat' dir='ltr'>iudices,</span> <span class='ocrx_word' id='word_1_83' title='bbox 415 972 492 1016; x_wconf 90' lang='lat' dir='ltr'>sed</span> <span class='ocrx_word' id='word_1_84' title='bbox 519 981 562 1014; x_wconf 92' lang='lat' dir='ltr'>et</span> <span class='ocrx_word' id='word_1_85' title='bbox 581 972 778 1028; x_wconf 86' lang='lat' dir='ltr'>factum,</span> <span class='ocrx_word' id='word_1_86' title='bbox 817 980 861 1014; x_wconf 88' lang='lat' dir='ltr'>et</span> <span class='ocrx_word' id='word_1_87' title='bbox 880 981 977 1014; x_wconf 78' lang='lat' dir='ltr'>tota</span> <span class='ocrx_word' id='word_1_88' title='bbox 995 973 1149 1015; x_wconf 81' lang='lat' dir='ltr'>Sicilia</span> <span class='ocrx_word' id='word_1_89' title='bbox 1173 972 1358 1029; x_wconf 81' lang='lat' dir='ltr'>pervul-</span> 
     </span>
     <span class='ocr_line' id='line_1_15' title="bbox 182 1028 1357 1088; baseline 0 -18"><span class='ocrx_word' id='word_1_90' title='bbox 182 1028 391 1088; x_wconf 77' lang='lat' dir='ltr'>gatum3)</span> <span class='ocrx_word' id='word_1_91' title='bbox 428 1036 482 1070; x_wconf 77' lang='lat' dir='ltr'>ut</span> <span class='ocrx_word' id='word_1_92' title='bbox 507 1029 739 1084; x_wconf 85' lang='lat' dir='ltr'>homines,</span> <span class='ocrx_word' id='word_1_93' title='bbox 782 1037 970 1087; x_wconf 87' lang='lat' dir='ltr'>propter</span> <span class='ocrx_word' id='word_1_94' title='bbox 1000 1029 1188 1072; x_wconf 81' lang='lat' dir='ltr'>iniurias</span> <span class='ocrx_word' id='word_1_95' title='bbox 1217 1029 1357 1074; x_wconf 79' lang='lat' dir='ltr'>licen-</span> 
     </span>
     <span class='ocr_line' id='line_1_16' title="bbox 179 1085 1358 1143; baseline 0 -17"><span class='ocrx_word' id='word_1_96' title='bbox 179 1085 380 1143; x_wconf 81' lang='lat' dir='ltr'>tiamque</span> <span class='ocrx_word' id='word_1_97' title='bbox 407 1086 764 1128; x_wconf 76' lang='lat' dir='ltr'>decumanorum</span> <span class='ocrx_word' id='word_1_98' title='bbox 776 1117 788 1141; x_wconf 96' lang='lat'>,</span> <span class='ocrx_word' id='word_1_99' title='bbox 827 1093 1024 1128; x_wconf 83' lang='lat' dir='ltr'>mortem</span> <span class='ocrx_word' id='word_1_100' title='bbox 1042 1085 1124 1127; x_wconf 85' lang='lat' dir='ltr'>sibi</span> <span class='ocrx_word' id='word_1_101' title='bbox 1143 1085 1229 1142; x_wconf 88' lang='lat' dir='ltr'>ipsi</span> <span class='ocrx_word' id='word_1_102' title='bbox 1248 1100 1358 1127; x_wconf 88' lang='lat' dir='ltr'>con-</span> 
     </span>
     <span class='ocr_line' id='line_1_17' title="bbox 179 1141 1354 1199; baseline 0 -17"><span class='ocrx_word' id='word_1_103' title='bbox 179 1141 406 1184; x_wconf 77' lang='lat' dir='ltr'>sciverint.</span> <span class='ocrx_word' id='word_1_104' title='bbox 472 1142 824 1199; x_wconf 82' lang='lat' dir='ltr'>Centuripinum</span> <span class='ocrx_word' id='word_1_105' title='bbox 853 1142 1091 1198; x_wconf 76' lang='lat' dir='ltr'>Dioclem,</span> <span class='ocrx_word' id='word_1_106' title='bbox 1121 1141 1354 1195; x_wconf 80' lang='lat' dir='ltr'>hominem</span> 
     </span>
     <span class='ocr_line' id='line_1_18' title="bbox 181 1197 1353 1255; baseline -0.002 -15"><span class='ocrx_word' id='word_1_107' title='bbox 181 1197 482 1255; x_wconf 82' lang='lat' dir='ltr'>locupletem,</span> <span class='ocrx_word' id='word_1_108' title='bbox 527 1199 808 1255; x_wconf 84' lang='lat' dir='ltr'>suspendisse</span> <span class='ocrx_word' id='word_1_109' title='bbox 836 1215 882 1241; x_wconf 90' lang='lat' dir='ltr'>se</span> <span class='ocrx_word' id='word_1_110' title='bbox 918 1206 1115 1253; x_wconf 85' lang='lat' dir='ltr'>constat,</span> <span class='ocrx_word' id='word_1_111' title='bbox 1162 1211 1251 1253; x_wconf 89' lang='lat' dir='ltr'>quo</span> <span class='ocrx_word' id='word_1_112' title='bbox 1280 1197 1353 1239; x_wconf 82' lang='lat' dir='ltr'>die</span> 
     </span>
     <span class='ocr_line' id='line_1_19' title="bbox 181 1253 1355 1312; baseline 0.001 -17"><span class='ocrx_word' id='word_1_113' title='bbox 181 1253 240 1295; x_wconf 79' lang='lat' dir='ltr'>sit</span> <span class='ocrx_word' id='word_1_114' title='bbox 279 1253 322 1295; x_wconf 88' lang='lat' dir='ltr'>ei</span> <span class='ocrx_word' id='word_1_115' title='bbox 353 1256 638 1309; x_wconf 79' lang='lat' dir='ltr'>nuntiatum,</span> <span class='ocrx_word' id='word_1_116' title='bbox 684 1255 944 1312; x_wconf 88' lang='lat' dir='ltr'>Apronium</span> <span class='ocrx_word' id='word_1_117' title='bbox 979 1254 1189 1295; x_wconf 84' lang='lat' dir='ltr'>decumas</span> <span class='ocrx_word' id='word_1_118' title='bbox 1224 1253 1355 1296; x_wconf 87' lang='lat' dir='ltr'>rede·-</span> 
     </span>
     <span class='ocr_line' id='line_1_20' title="bbox 181 1307 1355 1368; baseline -0.001 -16"><span class='ocrx_word' id='word_1_119' title='bbox 181 1307 332 1353; x_wconf 81' lang='lat' dir='ltr'>misse.</span> <span class='ocrx_word' id='word_1_120' title='bbox 388 1310 756 1367; x_wconf 76' lang='lat' dir='ltr'>Dyrrachinum,</span> <span class='ocrx_word' id='word_1_121' title='bbox 798 1310 999 1368; x_wconf 88' lang='lat' dir='ltr'>primum</span> <span class='ocrx_word' id='word_1_122' title='bbox 1028 1309 1242 1365; x_wconf 76' lang='lat' dir='ltr'>civitatis,</span> <span class='ocrx_word' id='word_1_123' title='bbox 1280 1323 1355 1351; x_wconf 66' lang='lat' dir='ltr'>ea&gt;-</span> 
     </span>
     <span class='ocr_line' id='line_1_21' title="bbox 182 1364 1354 1423; baseline 0 -15"><span class='ocrx_word' id='word_1_124' title='bbox 182 1366 288 1408; x_wconf 86' lang='lat' dir='ltr'>dem</span> <span class='ocrx_word' id='word_1_125' title='bbox 328 1367 505 1408; x_wconf 82' lang='lat' dir='ltr'>ratione</span> <span class='ocrx_word' id='word_1_126' title='bbox 540 1374 736 1408; x_wconf 88' lang='lat' dir='ltr'>mortem</span> <span class='ocrx_word' id='word_1_127' title='bbox 774 1367 1031 1423; x_wconf 85' lang='lat' dir='ltr'>oppetisse,</span> <span class='ocrx_word' id='word_1_128' title='bbox 1079 1365 1196 1407; x_wconf 83' lang='lat' dir='ltr'>dixit</span> <span class='ocrx_word' id='word_1_129' title='bbox 1228 1364 1354 1423; x_wconf 77' lang='lat' dir='ltr'>apud</span> 
     </span>
     <span class='ocr_line' id='line_1_22' title="bbox 177 1421 1353 1478; baseline 0 -14"><span class='ocrx_word' id='word_1_130' title='bbox 177 1436 258 1474; x_wconf 76' lang='lat' dir='ltr'>¹vos</span> <span class='ocrx_word' id='word_1_131' title='bbox 287 1422 426 1465; x_wconf 85' lang='lat' dir='ltr'>homo</span> <span class='ocrx_word' id='word_1_132' title='bbox 452 1422 781 1478; x_wconf 85' lang='lat' dir='ltr'>nobilissimus,</span> <span class='ocrx_word' id='word_1_133' title='bbox 818 1422 1102 1464; x_wconf 81' lang='lat' dir='ltr'>Archonidas</span> <span class='ocrx_word' id='word_1_134' title='bbox 1117 1421 1353 1478; x_wconf 88' lang='lat' dir='ltr'>Elorinus,</span> 
     </span>
     <span class='ocr_line' id='line_1_23' title="bbox 180 1477 1353 1535; baseline 0.002 -16"><span class='ocrx_word' id='word_1_135' title='bbox 180 1493 324 1534; x_wconf 87' lang='lat' dir='ltr'>quum</span> <span class='ocrx_word' id='word_1_136' title='bbox 347 1479 542 1521; x_wconf 84' lang='lat' dir='ltr'>audisset</span> <span class='ocrx_word' id='word_1_137' title='bbox 567 1486 744 1520; x_wconf 79' lang='lat' dir='ltr'>tautum</span> <span class='ocrx_word' id='word_1_138' title='bbox 772 1479 1073 1520; x_wconf 71' lang='lat' dir='ltr'>decumanum</span> <span class='ocrx_word' id='word_1_139' title='bbox 1092 1477 1353 1535; x_wconf 81' lang='lat' dir='ltr'>professum</span> 
     </span>
     <span class='ocr_line' id='line_1_24' title="bbox 177 1534 1351 1591; baseline 0.001 -15"><span class='ocrx_word' id='word_1_140' title='bbox 177 1549 276 1576; x_wconf 82' lang='lat' dir='ltr'>esse</span> <span class='ocrx_word' id='word_1_141' title='bbox 304 1550 361 1577; x_wconf 83' lang='lat' dir='ltr'>ex</span> <span class='ocrx_word' id='word_1_142' title='bbox 388 1535 536 1577; x_wconf 83' lang='lat' dir='ltr'>edicto</span> <span class='ocrx_word' id='word_1_143' title='bbox 564 1535 690 1577; x_wconf 83' lang='lat' dir='ltr'>istius</span> <span class='ocrx_word' id='word_1_144' title='bbox 708 1535 794 1577; x_wconf 62' lang='lat' dir='ltr'>&gt;sibi</span> <span class='ocrx_word' id='word_1_145' title='bbox 817 1535 998 1591; x_wconf 81' lang='lat' dir='ltr'>deberi,</span> <span class='ocrx_word' id='word_1_146' title='bbox 1034 1542 1253 1591; x_wconf 87' lang='lat' dir='ltr'>quantum</span> <span class='ocrx_word' id='word_1_147' title='bbox 1269 1534 1351 1577; x_wconf 76' lang='lat' dir='ltr'>ine</span> 
     </span>
     <span class='ocr_line' id='line_1_25' title="bbox 180 1590 1185 1649; baseline 0 -17"><span class='ocrx_word' id='word_1_148' title='bbox 180 1590 311 1634; x_wconf 79' lang='lat' dir='ltr'>bonis</span> <span class='ocrx_word' id='word_1_149' title='bbox 329 1591 420 1634; x_wconf 83' lang='lat' dir='ltr'>suis</span> <span class='ocrx_word' id='word_1_150' title='bbox 442 1592 651 1634; x_wconf 80' lang='lat' dir='ltr'>omnibus</span> <span class='ocrx_word' id='word_1_151' title='bbox 668 1592 847 1635; x_wconf 83' lang='lat' dir='ltr'>efficere</span> <span class='ocrx_word' id='word_1_152' title='bbox 861 1598 879 1620; x_wconf 86' lang='lat'>1</span> <span class='ocrx_word' id='word_1_153' title='bbox 909 1607 1003 1634; x_wconf 86' lang='lat' dir='ltr'>non</span> <span class='ocrx_word' id='word_1_154' title='bbox 1020 1597 1185 1649; x_wconf 86' lang='lat' dir='ltr'>posset.</span> 
     </span>
    </p>
   </div>
   <div class='ocr_carea' id='block_1_4' title="bbox 173 1703 1371 2101">
    <p class='ocr_par' dir='ltr' id='par_1_4' title="bbox 173 1703 1371 2101">
     <span class='ocr_line' id='line_1_26' title="bbox 294 1703 1355 1761; baseline -0.002 -13"><span class='ocrx_word' id='word_1_155' title='bbox 294 1705 444 1748; x_wconf 89' lang='lat' dir='ltr'><strong>LVII.</strong></span> <span class='ocrx_word' id='word_1_156' title='bbox 486 1706 614 1747; x_wconf 75' lang='lat' dir='ltr'>Haec</span> <span class='ocrx_word' id='word_1_157' title='bbox 640 1714 713 1761; x_wconf 86' lang='lat' dir='ltr'>tu,</span> <span class='ocrx_word' id='word_1_158' title='bbox 754 1706 932 1748; x_wconf 80' lang='lat' dir='ltr'>tametsi</span> <span class='ocrx_word' id='word_1_159' title='bbox 959 1705 1167 1748; x_wconf 86' lang='lat' dir='ltr'>omnium</span> <span class='ocrx_word' id='word_1_160' title='bbox 1201 1703 1355 1747; x_wconf 78' lang='lat' dir='ltr'>homi-</span> 
     </span>
     <span class='ocr_line' id='line_1_27' title="bbox 177 1761 1352 1818; baseline -0.002 -14"><span class='ocrx_word' id='word_1_161' title='bbox 177 1776 286 1805; x_wconf 83' lang='lat' dir='ltr'>num</span> <span class='ocrx_word' id='word_1_162' title='bbox 319 1761 683 1804; x_wconf 78' lang='lat' dir='ltr'>dissolutissimus</span> <span class='ocrx_word' id='word_1_163' title='bbox 719 1762 1141 1818; x_wconf 83' lang='lat' dir='ltr'>crudelissimusque</span> <span class='ocrx_word' id='word_1_164' title='bbox 1169 1775 1352 1818; x_wconf 78' lang='lat' dir='ltr'>semper</span> 
     </span>
     <span class='ocr_line' id='line_1_28' title="bbox 175 1816 1348 1876; baseline -0.002 -16"><span class='ocrx_word' id='word_1_165' title='bbox 175 1817 304 1860; x_wconf 83' lang='lat' dir='ltr'>fuisti</span> <span class='ocrx_word' id='word_1_166' title='bbox 326 1826 358 1872; x_wconf 83' lang='lat'>,&#39;</span> <span class='ocrx_word' id='word_1_167' title='bbox 385 1826 538 1860; x_wconf 79' lang='lat' dir='ltr'>tamen</span> <span class='ocrx_word' id='word_1_168' title='bbox 571 1833 822 1874; x_wconf 81' lang='lat' dir='ltr'>numquam</span> <span class='ocrx_word' id='word_1_169' title='bbox 859 1824 1147 1876; x_wconf 75' lang='lat' dir='ltr'>perpeterere</span> <span class='ocrx_word' id='word_1_170' title='bbox 1165 1849 1179 1874; x_wconf 93' lang='lat'>,</span> <span class='ocrx_word' id='word_1_171' title='bbox 1224 1816 1348 1872; x_wconf 86' lang='lat' dir='ltr'>quod</span> 
     </span>
     <span class='ocr_line' id='line_1_29' title="bbox 174 1872 1371 1932; baseline 0 -18"><span class='ocrx_word' id='word_1_172' title='bbox 174 1874 245 1916; x_wconf 75' lang='lat' dir='ltr'>illi</span> <span class='ocrx_word' id='word_1_173' title='bbox 270 1874 465 1932; x_wconf 81' lang='lat' dir='ltr'>gemitus</span> <span class='ocrx_word' id='word_1_174' title='bbox 490 1872 726 1931; x_wconf 78' lang='lat' dir='ltr'>luctusque</span> <span class='ocrx_word' id='word_1_175' title='bbox 761 1876 1022 1931; x_wconf 81' lang='lat' dir='ltr'>provinciae</span> <span class='ocrx_word' id='word_1_176' title='bbox 1050 1874 1107 1915; x_wconf 87' lang='lat' dir='ltr'>ad</span> <span class='ocrx_word' id='word_1_177' title='bbox 1131 1873 1200 1915; x_wconf 87' lang='lat' dir='ltr'>tui</span> <span class='ocrx_word' id='word_1_178' title='bbox 1225 1872 1371 1930; x_wconf 81' lang='lat' dir='ltr'>capi--</span> 
     </span>
     <span class='ocr_line' id='line_1_30' title="bbox 173 1929 1350 1988; baseline 0 -17"><span class='ocrx_word' id='word_1_179' title='bbox 173 1929 232 1971; x_wconf 80' lang='lat' dir='ltr'>tis</span> <span class='ocrx_word' id='word_1_180' title='bbox 250 1931 507 1988; x_wconf 67' lang='lat' dir='ltr'>periculum</span> <span class='ocrx_word' id='word_1_181' title='bbox 526 1931 832 1987; x_wconf 78' lang='lat' dir='ltr'>pertinebant:</span> <span class='ocrx_word' id='word_1_182' title='bbox 860 1947 975 1986; x_wconf 87' lang='lat' dir='ltr'>non,</span> <span class='ocrx_word' id='word_1_183' title='bbox 1003 1931 1215 1986; x_wconf 73' lang='lat' dir='ltr'>inquam,</span> <span class='ocrx_word' id='word_1_184' title='bbox 1242 1943 1350 1984; x_wconf 80' lang='lat' dir='ltr'>per·-</span> 
     </span>
     <span class='ocr_line' id='line_1_31' title="bbox 175 1985 1347 2044; baseline -0.001 -16"><span class='ocrx_word' id='word_1_185' title='bbox 175 1995 406 2044; x_wconf 86' lang='lat' dir='ltr'>peterere,</span> <span class='ocrx_word' id='word_1_186' title='bbox 445 1996 493 2029; x_wconf 85' lang='lat' dir='ltr'>ut</span> <span class='ocrx_word' id='word_1_187' title='bbox 518 1987 724 2029; x_wconf 85' lang='lat' dir='ltr'>homines</span> <span class='ocrx_word' id='word_1_188' title='bbox 750 1987 941 2029; x_wconf 81' lang='lat' dir='ltr'>iniuriae</span> <span class='ocrx_word' id='word_1_189' title='bbox 970 1995 1071 2029; x_wconf 78' lang='lat' dir='ltr'>tuae</span> <span class='ocrx_word' id='word_1_190' title='bbox 1092 1985 1347 2027; x_wconf 79' lang='lat' dir='ltr'>remedium</span> 
     </span>
     <span class='ocr_line' id='line_1_32' title="bbox 175 2040 1346 2101; baseline -0.001 -17"><span class='ocrx_word' id='word_1_191' title='bbox 175 2050 325 2085; x_wconf 85' lang='lat' dir='ltr'>morte</span> <span class='ocrx_word' id='word_1_192' title='bbox 354 2057 404 2084; x_wconf 86' lang='lat' dir='ltr'>ac</span> <span class='ocrx_word' id='word_1_193' title='bbox 431 2043 673 2101; x_wconf 84' lang='lat' dir='ltr'>suspendio</span> <span class='ocrx_word' id='word_1_194' title='bbox 701 2051 992 2100; x_wconf 73' lang='lat' dir='ltr'>quaererent,</span> <span class='ocrx_word' id='word_1_195' title='bbox 1028 2042 1115 2084; x_wconf 88' lang='lat' dir='ltr'>nisi</span> <span class='ocrx_word' id='word_1_196' title='bbox 1130 2056 1182 2084; x_wconf 83' lang='lat' dir='ltr'>ea</span> <span class='ocrx_word' id='word_1_197' title='bbox 1198 2056 1272 2099; x_wconf 80' lang='lat' dir='ltr'>res</span> <span class='ocrx_word' id='word_1_198' title='bbox 1288 2040 1346 2083; x_wconf 84' lang='lat' dir='ltr'>ad</span> 
     </span>
    </p>
   </div>
   <div class='ocr_carea' id='block_1_5' title="bbox 172 2179 1344 2265">
    <p class='ocr_par' dir='ltr' id='par_1_5' title="bbox 172 2179 1344 2265">
     <span class='ocr_line' id='line_1_33' title="bbox 224 2179 1344 2236; baseline 0.004 -24"><span class='ocrx_word' id='word_1_199' title='bbox 224 2187 259 2221; x_wconf 85' lang='grc' dir='ltr'>ι)</span> <span class='ocrx_word' id='word_1_200' title='bbox 287 2180 463 2236; x_wconf 64' lang='lat' dir='ltr'>l3ambin.</span> <span class='ocrx_word' id='word_1_201' title='bbox 486 2185 582 2221; x_wconf 82' lang='lat' dir='ltr'>coni.</span> <span class='ocrx_word' id='word_1_202' title='bbox 603 2183 764 2224; x_wconf 82' lang='lat' dir='ltr'>reficere,</span> <span class='ocrx_word' id='word_1_203' title='bbox 785 2181 888 2232; x_wconf 58' lang='lat' dir='ltr'>quod</span> <span class='ocrx_word' id='word_1_204' title='bbox 910 2193 1038 2218; x_wconf 78' lang='lat' dir='ltr'>tamen</span> <span class='ocrx_word' id='word_1_205' title='bbox 1058 2182 1140 2231; x_wconf 64' lang='lat' dir='ltr'>iqse</span> <span class='ocrx_word' id='word_1_206' title='bbox 1152 2179 1260 2218; x_wconf 74' lang='lat' dir='ltr'>vidit</span> <span class='ocrx_word' id='word_1_207' title='bbox 1278 2191 1344 2213; x_wconf 65' lang='lat' dir='ltr'>ne*</span> 
     </span>
     <span class='ocr_line' id='line_1_34' title="bbox 172 2239 595 2265; baseline 0.014 -6"><span class='ocrx_word' id='word_1_208' title='bbox 172 2239 381 2263; x_wconf 68' lang='lat' dir='ltr'>ccssarncm</span> <span class='ocrx_word' id='word_1_209' title='bbox 401 2240 480 2264; x_wconf 74' lang='lat' dir='ltr'>non</span> <span class='ocrx_word' id='word_1_210' title='bbox 501 2241 595 2265; x_wconf 73' lang='lat' dir='ltr'>esse.</span> 
     </span>
    </p>
   </div>
  </div>
 </body>
</html>
