1431 2475
458 172 806 211 ν911111111υαί11311,
1172 180 1238 223 149

55 273 89 311 c.
108 276 149 327 91
182 269 354 311 Inanem
371 281 473 311 vero
497 286 584 310 esse
605 273 666 310 rei
686 273 983 319 defensionem,
1004 274 1037 311 si
1060 274 1150 325 quis
1169 273 1235 312 di-

54 335 122 368 cat
139 329 191 367 ad
210 328 382 367 Verrem
402 330 623 381 pecuniam
642 330 764 368 istam
787 344 871 369 non
889 331 1140 381 pervenisse,
1162 336 1234 370 auc

53 399 78 423 a
105 385 326 426 comitibus
355 384 441 423 suis
469 392 510 423 et
541 386 706 424 asseclis
736 400 945 438 acc‹.›p:am
980 400 1066 424 esse
1097 401 1130 424 c.
1164 401 1230 426 10:

52 439 249 480 nectores
280 442 392 480 enim
421 442 733 494 provinciarum
773 457 857 480 non
887 442 1020 480 solum
1049 457 1091 482 se
1119 443 1231 495 ipsos

52 498 327 546 abstinentes,
356 499 429 537 sed
456 498 580 537 etiam
599 500 768 539 comites
789 513 884 538 suos
917 505 1130 552 praestare
1156 501 1230 539 de-

51 555 150 594 bere
178 568 212 593 c.
244 568 309 594 ιι.

164 667 364 722 Sequitur
390 669 507 708 locus
546 669 597 708 de
635 670 724 721 ipsa
761 668 1052 706 iurisdictione
1085 667 1227 705 Sicili-

49 725 153 763 ensi.
219 725 267 764 ln
297 740 378 778 quo
405 727 590 778 primum
625 727 796 764 omnino
827 726 1000 763 docetur
1028 730 1225 775 quantam

48 782 129 820 sibi
159 788 405 835 potestatem
434 782 583 820 Verres
610 783 869 834 arrogaverit
888 811 898 829 ,
946 787 989 819 et
1016 781 1223 831 quomodo

49 839 191 878 onmia
209 838 447 877 Siculorum
474 840 566 876 iura
595 839 847 892 perverterit
876 852 908 875 c.
933 851 994 876 12.
1017 838 1078 875 13.
1137 837 1224 874 De·-

47 894 146 933 inde
166 901 399 946 sequuntur
413 897 614 946 exempla.
640 909 672 932 1.
704 894 894 932 Heraclio
913 893 1105 931 Hieronis
1133 892 1223 930 filio

49 949 312 1001 Syracusano
341 965 489 1002 magna
527 951 734 989 hereditas
770 956 944 988 venerat
973 954 1221 987 testamento

48 1007 276 1058 propinqui
308 1007 372 1044 sui
402 1007 595 1044 Heraclii.
682 1006 727 1044 ln
766 1020 813 1044 eo
851 1011 1096 1043 testamento
1132 1011 1222 1042 erat

47 1060 273 1115 scriptum,
313 1069 362 1101 ut
386 1070 542 1100 statuas
563 1064 605 1101 in
627 1064 830 1114 palaestra
866 1063 1034 1100 deberet
1051 1073 1220 1113 ponere.

47 1118 205 1156 Al'lines
224 1119 390 1169 quidam
411 1121 498 1156 eius
528 1125 700 1156 monent
718 1119 911 1165 Verrem,
959 1118 1050 1156 fieri
1077 1131 1218 1170 posse,

47 1181 96 1212 ut
121 1175 382 1226 palaestritae
411 1181 562 1225 negent
590 1181 745 1211 statuas
780 1188 833 1211 ex
861 1180 1107 1212 testamento
1130 1187 1216 1212 esse

45 1232 224 1284 positas,
262 1237 305 1268 et
328 1237 474 1283 petant
499 1230 794 1278 hereditatem,
833 1231 945 1282 quod
971 1244 1059 1268 eam
1077 1231 1220 1282 palae-

46 1293 158 1326 strae
186 1288 447 1330 commissam
482 1301 568 1325 csse
598 1288 750 1325 dicant.
836 1286 958 1332 Quod
995 1288 1218 1325 consilium

44 1343 196 1382 Verres
216 1357 343 1395 quum
361 1345 648 1396 approbasset,
677 1358 761 1382 non
781 1344 916 1382 solum
943 1357 997 1382 ex
1022 1344 1109 1395 lege
1129 1343 1218 1381 Ru-

45 1401 149 1453 pilia
175 1400 331 1439 iudices
361 1400 553 1438 Heraclio
586 1415 670 1438 non
699 1401 832 1447 dedit,
878 1401 951 1438 sed
985 1401 1110 1438 etiam
1141 1413 1219 1452 per

46 1471 249 1495 summam
284 1457 483 1495 iniuriam
515 1456 788 1496 hereditatem
816 1458 931 1496 illam
959 1456 1214 1509 palaestritis

46 1513 324 1561 adjudicavit,
369 1527 515 1566 magna
543 1515 719 1565 praedae.
755 1522 873 1568 parie
914 1514 1003 1565 ipse
1033 1513 1214 1565 potitus,

44 1569 174 1607 immo
203 1569 328 1607 etiam
346 1570 586 1608 Heraclium
616 1571 761 1623 patriis
783 1572 902 1609 bonis
921 1570 1114 1608 omnibus
1138 1582 1215 1606 ex-

45 1627 246 1664 turbavit.
276 1640 310 1664 c.
343 1628 536 1666 14—20.
595 1640 633 1666 2.
672 1626 914 1679 Sequuntur
948 1627 1130 1664 iniuriae
1168 1626 1215 1664 in

44 1687 236 1720 senatum
272 1683 558 1735 populumque
590 1683 918 1735 Syracusanum,
965 1697 1093 1734 quum
1127 1696 1216 1720 nou.

42 1737 179 1777 solum
197 1740 366 1787 urbem,
402 1740 521 1777 aedes
541 1754 698 1786 sacraS,
736 1741 977 1790 curiamque
1005 1739 1215 1790 spoliave-

42 1795 122 1842 rit,
160 1794 233 1834 sed
251 1796 375 1833 etiam
406 1795 646 1844 Mareellea,
669 1794 803 1844 (diem
832 1796 984 1834 festum
1015 1795 1237 1833 Marcello*

6 1868 12 1873 ·
43 1847 234 1902 sacrum)
263 1852 499 1901 sustulerit,
534 1859 576 1890 et
596 1852 812 1890 utVerrea
837 1858 1005 1905 agerent
1029 1865 1097 1888 eos
1118 1853 1213 1887 003-

18 1924 20 1927 ·
44 1908 162 1960 gerit.
189 1920 310 1947 c.·21.
369 1908 407 1946 3.
436 1907 671 1961 Epicratem
689 1909 886 1946 Bidinum
918 1908 985 1945 cui
1004 1908 1212 1947 hereditas

47 1976 73 2001 a
96 1965 334 2018 propinqua
360 1971 556 2013 venerat,
592 1979 678 2003 11011
697 1965 820 2003 modo
843 1978 889 2003 ea
908 1963 1112 2017 privavit,
1142 1964 1214 2000 sed

49 2019 172 2058 etiam
199 2034 328 2072 quum
354 2020 427 2059 isse
454 2020 658 2073 Rhegium
687 2023 896 2072 profectus
928 2026 1053 2067 esset,
1096 2019 1215 2071 quasi

46 2074 269 2129 fraudandi
289 2091 410 2117 causa
429 2077 695 2124 discessisset,
727 2078 918 2115 omnibus
940 2076 1058 2114 bonis
1079 2076 1211 2123 exuit,

49 2143 177 2181 eaque
203 2132 364 2172 Bidinis
399 2133 603 2181 tradidit,
653 2147 842 2184 magnam
876 2146 1021 2170 eorum
1049 2138 1211 2183 partem

47 2185 137 2236 ipse
162 2186 346 2228 lucratus
375 2203 408 2227 c.
430 2190 626 2229 22-25.
681 2189 725 2226 L.
751 2189 957 2237 Metellus,
997 2189 1068 2237 qui
1089 2187 1213 2227 Verri

47 2243 264 2296 successit,
302 2245 478 2284 simulac
505 2245 729 2297 Syracusas
756 2245 896 2295 venit,
943 2245 1084 2284 statim
1117 2244 1220 2295 qui—·
