1416 2480
19 441 66 468 sa
95 421 286 474 indicta,
312 429 406 456 nou
433 415 698 473 oportuisse.
755 396 944 441 Nullam
973 389 1201 433 invidiam,

20 482 69 525 in
106 488 175 534 te,
239 489 296 517 ne
324 484 383 512 ex
417 467 506 510 illis
547 459 729 518 quidem
767 453 900 496 rebus
930 444 1196 499 concitabo,

22 550 161 595 quum
202 537 316 574 esset
348 526 450 568 talis
476 521 544 563 vir
572 519 619 559 in
649 526 854 561 carcerc,
907 506 949 547 iu
980 500 1194 553 tenebris,

23 595 70 638 in
89 588 321 649 squalore,
350 584 398 626 in
420 575 643 626 sordibus,
672 563 922 626 tyrannicis
943 556 1196 604 interdictis

24 650 137 703 tuis,
167 642 285 703 patri
315 645 473 682 exacta
503 637 671 682 aetate,
711 632 755 666 et
787 616 1057 663 adolescenti
1085 612 1196 667 filio,

24 702 222 749 adeundi
257 698 311 741 ad
350 695 477 736 illum
517 687 732 730 miserum
767 681 1035 735 potestatem
1063 683 1197 712 num-

27 776 162 819 quam
191 771 283 800 esse
313 753 493 796 factam.
578 741 734 784 Etiam
764 732 879 777 illud
913 726 1197 786 praeteribo,

0 816 383 875 -quotiescuuque
414 805 687 847 Panormum
728 789 902 834 veneris
939 785 1019 827 illo
1054 796 1200 835 anno,

30 882 76 916 et
101 887 179 915 sex
208 865 458 915 mensibus,
480 857 600 915 (nam
631 849 800 894 tamdiu
830 844 913 886 fuit
944 843 992 883 in
1020 851 1201 883 carcere

31 920 354 986 Apollonius,)
380 917 510 960 toties
536 911 592 954 ad
616 918 661 951 te
691 912 894 948 senatum
920 894 1205 940 Panormita-

32 1001 146 1029 num
173 983 316 1025 adisse
343 973 593 1032 supplicem
621 979 724 1007 cum
752 953 1114 1015 magistratibus,
1136 955 1206 990 sa·-
1243 958 1248 959 ⁷

36 1038 380 1092 cerdotibusque
417 1025 628 1087 publicis,
673 1024 878 1061 orantem
918 1019 1049 1065 atque
1078 1007 1208 1049 obse·-

38 1104 264 1148 orantem,
301 1098 351 1132 ut
379 1081 617 1148 aliquando
645 1076 720 1119 illc
752 1072 888 1114 miser
915 1073 1047 1122 atque
1074 1064 1208 1106 inno-

38 1169 143 1197 cens
171 1147 424 1193 calamitate
453 1141 528 1182 ula
554 1136 836 1178 liberm-etur,
934 1122 1208 1176 Relinquam

38 1210 150 1254 haec
181 1204 356 1249 omnia:
401 1211 512 1255 quae
550 1193 586 1234 si
622 1189 756 1232 velim
795 1179 1024 1241 persequi,
1075 1173 1209 1218 facile

43 1263 302 1315 ostendam,
333 1266 411 1299 tua
430 1248 692 1295 crudelitate
711 1245 757 1285 in
781 1240 913 1293 alios,
952 1248 1108 1277 omnes
1125 1227 1212 1272 tibi

42 1323 188 1365 aditus
215 1309 549 1360 misericordiae
583 1302 786 1347 iudicum
820 1291 1092 1352 iampridem
1118 1300 1218 1332 esse
1269 1326 1275 1329 ,

43 1376 318 1438 praeclusos·

159 1488 244 1535 IX.
278 1484 447 1530 Omnia
475 1479 616 1536 igitur
634 1474 716 1516 ista
735 1466 979 1513 concedam
998 1470 1044 1504 et
1060 1457 1217 1502 remit-⁶

42 1559 156 1594 tam.
240 1540 485 1588 Praevideo
523 1533 670 1586 enim,
715 1526 822 1585 quid
857 1524 914 1566 sit
950 1518 1220 1562 defensurus

46 1601 335 1650 Hortensius.
391 1592 643 1643 Fatebitur‚
681 1583 801 1643 apud
826 1582 961 1623 istum
988 1587 1134 1630 neque
1154 1584 1224 1612 se-

51 1667 285 1707 nectutem
316 1651 482 1710 patris,
532 1658 678 1701 neque
723 1633 1069 1682 adolescentiam
1113 1625 1223 1679 filii,

54 1729 200 1772 neque
222 1714 448 1766 lacrymas
467 1704 697 1756 utriusque
719 1696 822 1753 plus
842 1690 1055 1742 valuisse,
1084 1695 1223 1741 quam

53 1773 299 1818 utilitatem
326 1764 602 1815 salutemque
634 1749 914 1811 provinciaez,
948 1744 1088 1796 dicet,
1123 1752 1223 1781 rem

56 1827 288 1889 publicam
323 1812 626 1863 administrari
656 1810 750 1852 sine
781 1815 906 1848 metu
935 1816 985 1842 ac
1015 1795 1226 1840 severita-

57 1895 104 1929 te
139 1898 232 1927 non
301 1889 422 1929 osse3
480 1875 663 1927 quaeret
682 1899 694 1922 ‚
752 1858 1048 1919 quamobrem
1083 1853 1226 1895 fasces

59 1938 260 2001 praetori
292 1951 344 1978 us
376 1930 716 1989 praeferamus,
761 1933 843 1960 cur
871 1926 1046 1958 secures
1074 1910 1228 1961 datae,

62 2012 147 2041 cur
175 2007 329 2039 carcer
357 1986 640 2037 aedificatu5,
688 1992 770 2021 cur
796 1981 866 2019 tot
889 1967 1112 2030 supplicia
1138 1964 1229 2010 sint

64 2111 371 2133 -———=-

85 2238 92 2246 ι
118 2198 150 2235 ι)
179 2188 353 2225 Lambin.
375 2195 500 2220 tamen
518 2181 556 2218 in
585 2175 778 2216 hominem
804 2168 1087 2208 honestissimae
1109 2162 1233 2200 civita-

67 2248 113 2276 tis
136 2233 450 2274 honestissimum.
