1416 2480
282 139 424 178 mim
446 137 676 176 TERTIUS.
702 138 806 174 CAP.
832 142 891 182 84.
914 144 972 181 85.
1143 145 1211 184 ¹4¹

51 250 138 293 que
164 235 219 278 de
247 234 553 278 aestimatione
582 240 658 274 tua
677 239 824 290 potest
843 247 935 274 esse
955 239 1214 276 controver-

54 293 142 348 sia,
178 292 293 350 quid·
311 285 470 333 sedes?
508 289 612 345 quid
632 283 897 345 exspectas?
934 288 1039 345 quid
1059 287 1211 331 defeu-

54 342 167 390 des?
200 347 363 390 Utrum
390 345 471 387 tibi
499 344 712 403 pecuniae
734 344 993 386 conciliatae
1006 348 1039 386 ¹.
1060 344 1213 388 videu-

53 412 129 445 tur
156 404 389 445 adversum
418 403 534 455 leges
549 433 562 457 ,
596 400 831 441 adversum
854 415 949 442 rem
968 400 1213 457 publicam,

53 474 158 501 cum
183 458 381 501 maxima
399 457 623 500 sociorum
652 455 834 497 iniuria:
871 472 928 498 an
953 456 1119 500 veroid
1143 474 1213 500 re-

56 523 150 569 cte,
187 514 368 570 ordine,
406 529 428 555 e
448 530 496 555 re
512 512 719 570 pubiica,
742 512 837 552 sine
863 512 1122 567 cuiusquam
1143 514 1212 555 i-u-

55 571 171 613 iuria
198 570 370 612 factum
395 585 486 612 esse
517 562 762 610 defendes?
798 569 952 619 Quum
979 567 1062 610 tibi
1087 584 1213 611 seua-

49 634 126 675 <tus
154 641 212 670 ex
240 627 411 668 aerario
440 624 678 683 pecuniam
709 623 1023 679 prompsisset,
1062 634 1106 667 et
1125 625 1216 668 siu-

54 682 183 739 gulos
209 682 289 724 tibi
320 682 525 725 denarios
547 680 901 734 adnumerasset,
933 694 1044 735 quos
1063 689 1112 722 tu
1128 696 1215 736 pro

54 738 240 795 singulis
275 738 436 780 modiis
472 735 722 780 aratoribus
759 736 972 780 solveres:
1020 737 1127 793 quid
1151 736 1218 779 fa-

55 808 157 836 cere
188 788 415 836 debuisti?

171 906 423 949 LXXXV.
482 905 554 962 Si,
594 906 712 962 quod
741 907 796 948 L.
816 904 919 948 Piso
950 905 1024 948 ille
1050 905 1218 964 Frugi,

57 962 134 1026 qui
160 963 306 1020 legem
336 964 389 1005 de
417 963 618 1027 pecuniis
653 962 909 1019 repetundis
943 963 1117 1019 primus
1146 971 1219 1004 tu·-

57 1019 134 1075 ht,
173 1034 312 1076 quum
339 1034 541 1074 emlsses,
588 1018 742 1074 quanti
770 1026 903 1074 esset,
939 1019 1060 1075 quod
1084 1034 1134 1060 su
1170 1034 1218 1060 e-

55 1083 179 1117 raret
195 1076 436 1132 pecuniae,
464 1075 710 1117 retulisses:
737 1073 787 1128 si,
816 1082 866 1114 ut
889 1074 1111 1117 ambitiosi
1167 1090 1216 1117 o-

55 1130 224 1186 mines,
263 1139 340 1173 aut
367 1130 573 1187 benigni,
612 1144 751 1185 quum
771 1130 913 1185 pluris
941 1138 1117 1172 senatus
1144 1146 1217 1173 ae-

54 1185 299 1242 stimasset,
333 1201 466 1243 quam
494 1187 648 1242 quanti
675 1193 788 1227 esset
818 1201 1018 1240 annona,
1062 1201 1119 1228 ex
1147 1201 1217 1229 se-

55 1249 186 1285 natus
213 1242 542 1297 aestimatione,
579 1257 672 1284 non
699 1255 757 1283 ex
785 1256 988 1284 annonae
1019 1242 1220 1299 ratione,

57 1297 281 1340 solvisses:
313 1300 407 1354 sin,
444 1306 495 1340 ut
514 1297 716 1355 plerique
742 1297 937 1353 faciunt,
977 1298 1024 1340 in
1043 1313 1131 1354 quo
1153 1306 1220 1341 et·-

57 1354 150 1396 iam
170 1362 266 1396 erat
283 1354 441 1411 aliquis
460 1362 688 1410 quaestus,
723 1353 801 1396 sed
825 1352 863 1394 is
885 1354 1122 1410 honestus,
1153 1362 1219 1397 at·

57 1424 144 1466 que
181 1423 437 1466 concessus,
482 1410 794 1465 frumentum³,
842 1410 1054 1465 quoniam
1088 1410 1220 1453 vilius

59 1473 179 1521 erat,
215 1482 272 1509 ne
301 1467 500 1510 emisses:
524 1466 802 1523 ’sumpsisses
828 1465 872 1507 id
901 1481 1220 1523 nummorum,

40 1522 182 1578 ‘quod
208 1522 291 1565 tibi
317 1531 517 1578 senatus,
563 1522 701 1564 cellae
730 1522 937 1576 nomine,
987 1537 1217 1566 concesse·-

57 1578 158 1620 rat.'
207 1578 310 1621 Hoc
339 1579 445 1620 'vero
475 1579 583 1636 quid
611 1572 709 1620 est?
756 1593 891 1635 quam
917 1577 1053 1620 habet
1081 1580 1221 1620 ratio-

57 1648 187 1690 nem,
230 1650 324 1677 non
350 1650 516 1691 quaero
553 1635 784 1690 aequitatis
858 1634 934 1676 sed
962 1634 1101 1691 ipsius
1135 1635 1222 1677 im-

91 1689 292 1732 robitatis
313 1699 444 1748 atque
461 1667 810 1748 impudentiae?
829 1690 989 1746 Neque
1017 1691 1137 1733 enim
1156 1699 1224 1734 est

76 1743 454 1802 ere‘quidquam,
515 1746 634 1803 quod
657 1744 862 1788 homines
890 1745 1040 1802 palam
1071 1746 1220 1790 facere

59 1800 615 1859 audeantinvmagistratm
644 1802 843 1858 quamvis
870 1801 1083 1857 improbi,
1111 1801 1221 1859 quin

60 1856 154 1898 eius
174 1856 279 1898 facti
340 1858 376 1900 si
394 1873 485 1900 non
505 1856 669 1900 bonam
683 1889 695 1912 ,
724 1865 769 1899 at
788 1857 844 1898 ali
880 1872 981 1898 uam
1000 1859 1223 1900 rationem

61 1911 221 1954 afferre
237 1889 419 1956 soieant.
477 1914 579 1955 Hoc
598 1913 705 1969 quid
724 1907 823 1955 est?
901 1912 996 1955 enit
1013 1916 1194 1969 praetor
1210 1928 1224 1969 ς

63 1965 395 2022 „Frumentum
410 2000 422 2023 ,
460 1969 628 2027 inquit,
652 1984 724 2010 me
752 1968 828 2011 abs
855 1976 898 2010 te
921 1981 1070 2013 emere
1089 1983 1225 2051 opor-

61 2030 138 2064 tet.
151 2025 178 2049 “
207 2049 263 2058 —
301 2025 500 2083 Optime.
527 2051 579 2059 --
626 2024 874 2082 „Moclium
904 2024 1102 2068 denario.
1128 2029 1142 2053 ⁶
1168 2049 1225 2060 --

63 2076 291 2137 Benigne,
327 2095 376 2124 ac
396 2080 658 2125 liberaliter.
715 2081 836 2123 Nam
856 2095 938 2137 ego
961 2081 1104 2125 tribus
1121 2086 1226 2133 Hc&

59 2163 361 2178 *—

114 2206 146 2244 ι)
175 2203 351 2240 Lumbin.
377 2206 559 2254 pecuniae
578 2214 728 2242 conctao
750 2203 984 2242 conciliatu.
