1420 2491
168 174 215 217 24
609 170 667 209 m
693 169 902 212 VERREM

169 262 413 306 dicendum
430 275 534 306 meo
551 261 757 320 legitimo
778 268 1014 322 tempore,
1042 263 1134 308 mci
1160 263 1344 320 laboris,

168 320 418 364 industriae
447 319 800 378 diligentiaeque
830 322 1005 378 capiam
1035 320 1261 377 fructum,
1300 329 1346 363 et

170 375 454 419 accusatione
477 381 496 406 1
546 376 779 433 perficiam
800 409 813 433 ,
866 385 918 418 ut
952 392 1086 419 nemo
1126 391 1346 434 umquam

169 440 275 491 post
301 431 543 474 hominum
577 432 846 475 memoriam
885 435 1112 497 paratior,
1158 432 1346 489 vigilan-

169 490 286 545 tior,
324 488 619 545 compositior
632 494 654 518 2
694 489 750 530 ad
770 489 988 532 iudicium
1007 481 1178 533 vestisse
1196 489 1348 531 videa-

171 553 261 588 tur.
321 545 410 587 Sed
440 546 487 588 in
515 544 599 586 hac
623 544 756 587 laude
784 545 1030 588 industriae
1060 560 1213 600 meae,
1240 560 1347 587 reus

171 615 230 645 ne
261 602 490 657 elabatur,
527 616 758 642 summum
782 601 1038 658 periculum
1067 610 1146 644 est.
1223 600 1350 657 Quid,

173 666 238 700 est
270 657 431 714 igitur,
472 658 592 715 quod
621 657 718 699 fieri
779 651 920 699 ossit?
959 659 1069 702 Non
1087 658 1349 712 obscurum,

175 714 363 771 opinor,
400 729 547 771 neque
574 672 901 756 abscongitum.
967 716 1181 756 Fructum
1208 713 1350 755 istum

173 770 343 826 laudis,
391 772 467 828 qui
497 785 555 812 ex
581 778 804 827 perpetua
835 770 1037 812 oratione
1065 771 1189 828 perci
1227 770 1242 812 i
1267 784 1351 826 po-

175 827 286 882 tuit,
323 828 367 869 in
391 828 474 869 alia
491 835 700 883 tempora
727 840 1027 869 reservemus:
1062 842 1183 868 nunc
1239 825 1353 867 omi-
1404 838 1408 843 ’

173 897 282 924 nem
309 884 498 939 tabuiis,
535 883 748 936 testibus,
786 883 973 939 privatis
998 883 1279 941 publicisque
1297 881 1354 923 li-

175 939 284 980 teris
307 939 737 995 auctoritatibusque
758 954 1034 982 accusemus.
1089 939 1180 980 Res
1203 938 1352 980 omnis

174 994 290 1037 mihi
324 1003 474 1037 tecum
516 997 625 1050 erit,
671 996 906 1037 Hortensi.
986 995 1151 1037 Dicam
1183 1001 1354 1050 aperte.

178 1051 227 1093 Si
256 1061 300 1095 te
329 1067 509 1094 mecum
537 1052 727 1094 dicendo
757 1067 808 1093 ac
838 1051 1060 1094 diluendis
1087 1050 1354 1093 criminibus

175 1107 224 1149 in
252 1108 335 1151 hac
368 1123 499 1150 causa
535 1108 809 1149 contendere
846 1117 1083 1164 putarem:
1130 1122 1214 1164 ego
1243 1121 1356 1171 quo-

177 1179 263 1219 que
294 1165 341 1206 in
360 1164 636 1218 accusando,
676 1171 807 1220 atque
825 1164 873 1205 in
893 1162 1174 1220 explicandis
1201 1163 1355 1205 crimi-

176 1220 308 1263 nibus
337 1235 522 1276 operam
550 1235 879 1261 consumerem.
938 1220 1099 1274 Nunc,
1137 1219 1353 1276 quoniam

175 1290 381 1333 pugnare
421 1284 578 1319 contra
617 1291 690 1318 me
727 1276 985 1331 instituisti,
1030 1291 1124 1318 non
1162 1283 1257 1319 tam
1295 1288 1355 1318 ex

175 1340 253 1373 tua
273 1341 458 1389 natura,
498 1348 656 1389 quam,
687 1347 745 1373 ex
764 1332 890 1374 istius
908 1341 1114 1390 tempore
1135 1339 1179 1372 et
1205 1345 1355 1386 causa,

176 1389 424 1444 malitiose3
453 1404 632 1431 necesse
653 1396 719 1430 est
736 1384 989 1430 istiusmodi
1008 1388 1176 1430 rationi
1201 1387 1353 1446 aliquo

177 1445 366 1486 consilio
397 1445 626 1487 obsistere.
712 1444 815 1486 Tua
841 1445 958 1494 ratio
990 1453 1079 1500 est,
1117 1452 1169 1485 ut
1195 1459 1357 1486 secun-

176 1500 288 1542 dum
327 1501 457 1543 binos
503 1501 635 1543 ludos
677 1500 790 1543 mihi
835 1501 1111 1558 respondere
1153 1500 1355 1557 incipias.

175 1555 307 1614 Elea,
345 1566 398 1599 ut
418 1566 521 1601 ante
549 1559 753 1615 primos³
791 1558 921 1601 ludos
940 1557 1355 1614 comperendinem·

226 1730 266 1778 ι)
294 1731 416 1778 Vulgo
448 1740 485 1766 et
516 1743 559 1765 ex
593 1730 841 1765 accusatione.
906 1731 1241 1778 Praepositionem
1268 1727 1306 1762 Ῐι.
1325 1728 1355 1763 l.

177 1788 255 1810 non
291 1776 339 1809 de
367 1778 513 1812 Latina
546 1777 821 1811 consuetudine
850 1776 1032 1811 addicam
1061 1786 1218 1811 auctore
1235 1775 1358 1816 Eme-

177 1828 253 1857 stio
282 1822 427 1857 delevi.

223 1873 264 1900 2}
287 1870 439 1912 „Vetus
459 1881 675 1917 anonymus
697 1871 896 1916 interpres,
924 1870 1072 1904 Paratus
1092 1871 1227 1917 inquit,
1247 1878 1360 1905 accu-

177 1923 279 1948 sator
308 1924 382 1952 est,
420 1915 482 1960 qui
513 1915 628 1948 multa
654 1915 805 1949 crimina
841 1916 1050 1950 obiecturus
1073 1926 1127 1950 est
1159 1927 1239 1949 reo-
1291 1917 1361 1951 Vi·
1391 1950 1397 1953 ,

178 1961 366 2004 gilancior
391 1962 453 2008 qui
485 1961 611 1994 omnia
640 1960 889 2007 circumspicit
917 1974 965 1996 ne
989 1973 1071 1996 reus
1093 1960 1236 2000 evadat,
1287 1963 1360 1996 Co·

175 2009 326 2051 piosior
355 2005 402 2040 ad
435 2007 651 2041 varietatem
682 2006 834 2040 dicendi
864 2007 1039 2042 retulit-‘¹
1088 2008 1190 2054 Ergo
1213 2008 1280 2041 ille
1297 2020 1362 2041 co-

178 2050 323 2097 piosior
351 2059 389 2085 in
423 2066 490 2086 suo
517 2053 650 2088 codice
676 2054 773 2098 legit
797 2067 866 2101 pro
893 2053 1150 2101 compositior.
1199 2055 1282 2088 Hoc
1303 2065 1362 2089 ta·

178 2109 265 2132 men
289 2098 525 2133 sem-andum
545 2109 660 2144 puto,
698 2110 737 2132 ιιι
768 2101 961 2145 reseratur
988 2099 1043 2133 ad
1077 2106 1292 2134 oratoriam
1320 2105 1363 2135 in

178 2144 455 2190 componendis
476 2150 710 2191 argumentis
734 2145 990 2192 diligentiam.

224 2197 259 2231 3)
288 2190 400 2224 Nihil
428 2202 522 2236 opus
549 2202 602 2225 est
629 2201 717 2237 post
761 2204 844 2226 ante
873 2191 1012 2238 primos
1041 2193 1276 2227 vocabulum
1303 2191 1360 2227 lu·
1404 2205 1406 2207 ’

180 2231 248 2271 dos
276 2235 444 2280 delere„
465 2236 569 2284 quod
587 2238 775 2273 Lambino
804 2248 901 2274 ceste
916 2239 1113 2274 nonnullis
1136 2245 1175 2273 in
1196 2248 1362 2273 mentem
