1416 2480
507 126 826 163 summmum.
1184 132 1248 177 167

198 222 394 275 Sequitur
429 223 633 261 nefarium
662 223 841 271 facinus,
870 237 950 275 quo
981 224 1243 276 Antiochum,

86 278 280 318 Antiochi
306 279 408 332 regis
428 278 574 330 Syriae
601 279 744 325 filium,
770 293 842 330 per
872 280 1055 319 Siciliam
1073 283 1152 320 iter
1178 284 1244 322 sa—

84 335 260 373 cicntem
287 336 394 374 vasis
424 335 703 386 compluribus
728 336 862 373 aureis
883 343 923 374 et
950 338 1154 388 gemmeiS‚
1174 339 1242 378 in-

83 391 228 442 primis
249 390 491 430 candelabro
519 391 797 442 pulcherrimo
829 406 849 429 e
873 393 1040 444 gemmis
1062 394 1241 433 clarissi—

84 448 160 485 mis
180 461 303 503 opere
321 447 499 486 mirabili
528 448 731 497 perfecto,
764 448 960 500 spoliavit
989 463 1021 486 e.
1043 452 1239 500 27—-31,

194 526 300 565 Tum
329 533 553 565 narrantur
581 540 682 577 quae
714 527 942 578 Segestanis
981 542 1013 566 c.
1041 529 1236 569 32--38-

81 582 375 636 Tyndaritanis
406 597 437 621 c.
459 584 652 634 39-42-
708 582 983 634 Agrigentinis
1012 599 1044 622 c.
1067 587 1131 624 43.
1152 599 1234 638 seq.

79 637 279 691 Enguinis
300 653 332 676 c.
353 641 417 678 44.
477 639 761 677 Catinensibus
789 652 821 675 c.
843 639 894 676 45
954 639 1236 680 Melitensibus

79 709 114 733 c.
142 695 208 733 46.
237 696 302 746 47,
358 695 617 734 Ennensibus
646 709 679 732 c.
708 695 900 733 48—51.
965 695 1233 747 Syracusanis

77 765 111 789 c.
134 752 325 803 52—-59,
344 752 569 790 abstulerit.
637 750 794 797 Quibus
823 751 866 788 in
888 751 1010 790 furtis
1029 753 1234 805 significat

75 809 330 846 acerbiorem
358 808 482 845 fuisse
514 807 748 845 civitatibus
776 808 920 845 salsam
947 809 1067 846 istam
1100 815 1141 846 et
1172 810 1231 847 si-

76 864 273 902 mulatam
292 863 542 915 emptionem
555 893 564 911 ,
603 877 723 914 quam
751 864 785 901 si
807 865 945 901 omnia
964 870 1035 902 aut
1051 866 1230 916 eripuis-

73 925 137 957 set
153 921 286 972 palam
299 950 308 968 ,
337 927 408 958 aut
426 920 529 958 clam
548 919 814 971 surripuisset
844 934 876 957 c.
897 919 962 960 60.

187 997 235 1037 1η
272 1005 456 1037 extrema
493 1000 679 1037 oratione
707 1005 900 1037 narratur
929 999 1206 1052 Syracusanos
1217 1032 1228 1051 ,

73 1056 151 1093 etsi
169 1055 336 1093 clientes
357 1063 398 1093 et
415 1056 536 1094 amici
555 1055 693 1093 Verris
711 1054 841 1093 habili
867 1055 970 1105 sint,
999 1056 1227 1096 honorifice

73 1110 313 1151 Ciceronem
339 1119 615 1150 accusatorem
645 1111 731 1148 eius
758 1111 984 1163 excepisse,
1020 1113 1226 1151 laudatio-

70 1177 168 1205 nem
200 1167 319 1206 Verri
348 1168 567 1214 decretam,
597 1173 638 1204 et
665 1166 830 1215 Vei-rea,
867 1168 1016 1206 festum
1047 1182 1071 1206 a
1098 1169 1225 1208 Verre

70 1220 382 1264 Marcelleorum
401 1224 492 1263 loco
512 1223 761 1271 institutum,
779 1224 991 1263 sustulisse
1010 1239 1042 1263 c.
1061 1225 1126 1272 67.

509 1400 782 1425 0*-
