1431 2481
178 175 247 209 522
481 169 485 171 ’
528 163 584 200 IN
612 163 823 200 VERREM
886 164 1014 201 ACT.
1039 164 1091 201 11.
1181 170 1197 174 ”

185 257 385 300 Tamdiu
421 257 470 300 in
503 257 696 315 imperio
733 272 814 299 suo
851 257 1037 300 classem
1067 256 1152 300 iste
1186 265 1374 316 praetor

191 315 384 370 diligens
417 314 551 370 vidit,
589 314 807 370 quamdiu
834 315 1094 356 convivium
1119 315 1214 357 eius
1244 314 1374 372 flagi-

189 371 482 413 tiosissimum
505 376 815 427 praetervecta
836 378 914 412 est.
972 370 1074 428 Ipse
1094 378 1262 427 autem,
1294 371 1372 428 qui

192 427 312 468 visus
340 426 495 467 multis
526 426 682 467 diebus
710 441 805 468 non
839 435 977 483 esset,
1017 435 1116 468 tum
1147 442 1194 469 se
1221 435 1375 470 tamen

191 483 242 526 in
271 489 568 539 conspectum
591 483 739 524 nautis
769 483 1017 540 paullisper
1045 483 1182 525 dedit.
1240 484 1378 526 Stetit

195 539 390 581 soleatus
424 547 611 602 praetor
648 540 805 595 populi
844 539 1042 581 Romani
1087 553 1191 581 cum
1232 539 1374 603 pallio
1416 557 1419 563 ’

192 608 454 661 purpureo,
499 604 740 650 tunicaque
760 595 915 649 talari,
952 595 1220 637 muliercula
1238 609 1378 639 nlxus

193 667 244 695 111
261 652 409 693 litore.
468 651 616 693 Nam¹
644 650 731 692 hoc
749 651 846 708 ipso
877 651 1012 692 istum
1039 651 1378 694 vestitu¹Siculi

196 708 404 763 civesque
414 708 612 749 Romani
632 708 849 764 permulti
861 721 992 804 saefe
1002 708 1226 750 viderunt.
1246 707 1378 751 Post-

197 779 389 821 eaquam
416 764 624 820 paullum
657 772 872 819 provecta
907 778 930 804 c
952 763 1058 806 assis
1086 772 1174 820 est,
1221 771 1266 807 et
1291 764 1378 806 Pa-

196 821 404 878 chynum
433 820 593 876 quinto
621 821 690 861 die
714 820 906 877 denique
927 835 948 860 a
985 819 1115 876 pulsa
1142 829 1228 863 est:
1266 835 1378 862 nau-

198 885 273 919 tae
310 875 432 918 fame
473 877 640 932 coacti,
686 877 860 918 radices
926 891 1151 918 amarum
1192 877 1380 934 agresti-

199 949 306 989 um,
345 947 540 989 quarum
573 941 669 974 erat
696 932 745 974 in
774 933 864 974 illis
912 932 1028 986 ocis,
1064 932 1179 975 sicut
1208 934 1257 976 in
1283 946 1380 974 ma-

1426 421 1431 446 l

198 1004 290 1088 {na
315 998 446 1053 parte
467 988 669 1043 Siciliae,
694 989 965 1043 multitudo,
994 988 1293 1044 colligebant,
1332 995 1378 1030 et
1427 1016 1431 1025 ι

237 1047 272 1088 is
302 1046 458 1088 miseri
487 1045 742 1102 perditique
773 1045 1022 1087 alebantur.
1110 1046 1378 1088 Cleomenes

197 1109 352 1145 autem
365 1134 378 1154 ‚
407 1102 482 1158 qui
503 1101 696 1144 alterum
713 1117 758 1144 se
777 1101 975 1144 Verrem
996 1109 1096 1144 tum
1111 1101 1295 1144 luxuria
1315 1110 1382 1143 at-

199 1173 289 1216 que
315 1158 541 1215 nequitia,
586 1167 685 1201 tum
720 1158 856 1200 etiam
891 1159 1120 1216 imperio,
1172 1166 1379 1215 putaret:

198 1214 411 1258 similiter
439 1222 558 1257 totos
590 1216 706 1272 dies,
744 1216 794 1258 in
819 1215 955 1258 litore
983 1214 1277 1259 tabernaculo
1295 1226 1379 1271 po·

198 1271 313 1328 sito,
341 1271 635 1329 pei-potabat..

313 1383 547 1427 XXXIV.
566 1384 686 1426 Ecce
705 1392 857 1427 autem
877 1392 1079 1442 repente,
1100 1382 1229 1426 ebrio
1249 1381 1383 1426 Cleo-

200 1456 361 1497 mene,
417 1440 720 1483 esurientibus
748 1441 934 1498 ceteris,
999 1440 1237 1483 nuntiatur
1294 1440 1384 1482 ira-

199 1504 356 1539 tarum
383 1511 519 1539 naves
548 1513 642 1539 esse
675 1498 724 1539 in
749 1505 890 1554 portu
928 1497 1205 1553 Odysseae.²
1308 1511 1384 1538 am

200 1553 267 1598 ita
295 1553 331 1595 is
358 1553 486 1594 locus
512 1553 788 1594 nominatur.
854 1553 1024 1595 Nostra
1051 1560 1202 1594 autem
1230 1552 1382 1595 classis

201 1617 302 1651 erat
337 1610 386 1652 in
422 1617 562 1665 portu
590 1608 811 1666 Pachyni.
896 1608 1164 1650 Cleomenes
1203 1617 1380 1665 autem,

201 1665 322 1722 quod
340 1673 442 1708 erat
456 1673 671 1708 terrestre
689 1664 968 1724 praesidium
986 1680 1081 1708 non
1098 1679 1149 1706 re
1161 1696 1175 1721 ,
1203 1665 1283 1708 sed
1299 1680 1384 1708 no-

250 1868 285 1899 x>
309 1862 410 1897 Nam
427 1874 498 1908 pro
528 1860 602 1895 iam
625 1858 886 1907 reponendum
905 1871 988 1894 esse
1004 1866 1094 1906 post
1113 1856 1210 1894 Em.
1234 1860 1387 1895 monuit

209 1909 426 1944 Go'renzz‘us
458 1907 513 1941 ad
536 1909 614 1943 Cic.
637 1906 796 1941 Acadd.
818 1905 852 1945 Ι,
871 1912 905 1946 5.

251 1966 294 2013 2)
321 1967 382 2000 Sic
404 1979 474 2006 pro
494 1966 601 2012 vulg.
625 1963 798 2003 Edissae,
822 1969 928 1998 cuiue
948 1975 1059 1997 nemo
1088 1961 1386 2008 veterumsacie

206 2017 448 2050 mentionem,
468 2011 671 2058 legendum
691 2024 773 2044 esse
792 2010 957 2044 coniecit
974 2010 1175 2044 Cluverius
1196 2010 1273 2044 Sic.
1286 2014 1386 2044 Ant.

205 2059 239 2094 I.
268 2064 322 2101 14.
347 2071 504 2105 eamque
522 2062 596 2091 Jcri
624 2066 751 2090 curam
773 2058 966 2091 Graevius
986 2059 1148 2100 recepit,
1184 2053 1388 2100 confirma-

207 2115 290 2140 tam
318 2109 497 2150 vestigiis
526 2115 568 2136 co
603 2132 611 2141 ,
631 2102 766 2136 Franc.
790 2111 826 2136 ee
854 2102 946 2144 Reg.
1012 2100 1072 2134 Eo
1100 2111 1273 2147 spectare
1294 2114 1388 2147 quo-

206 2161 279 2196 que
319 2149 473 2183 videtur
509 2147 612 2195 quod
652 2149 783 2182 Cicero
817 2146 971 2186 addim*
1005 2159 1092 2183 nam
1129 2146 1183 2181 ita
1217 2147 1247 2180 is
1281 2146 1386 2181 locus

203 2194 438 2233 nominatur,
483 2199 593 2241 quasi
623 2193 753 2228 dicere
771 2194 963 2232 voluerit.-
1006 2205 1093 2228 nam
1123 2192 1170 2228 ab
1189 2192 1321 2240 ulysse
1355 2192 1386 2227 is

197 2239 305 2277 locun
335 2250 390 2277 eet
416 2240 647 2277 nominatus.
