1416 2480
299 172 453 211 'LIBER
477 173 726 221 QUARTUS.
786 171 891 208 CAP.
917 183 974 208 αι.
1162 183 1229 222 ¹97.

172 268 306 312 XXI.
325 268 465 311 Iactat
483 281 528 308 se
546 265 811 309 iamdudum
830 265 884 308 de
906 264 1100 308 Calidio:
1123 281 1230 309 nar-¹·

59 334 130 368 rat
158 324 391 380 omnibus,
428 338 472 364 se
506 323 676 365 emisse.
761 323 887 365 Num
923 323 1058 364 etiam
1087 321 1141 364 de
1166 322 1224 366 L.

58 381 240 440 Papirio
291 380 388 423 viro
408 379 650 437 primario,
680 379 904 436 locuplete
926 378 1223 436 honestoque,

57 438 207 503 equite
227 413 434 479 Iiomnno
453 435 706 478 turibulum
725 430 907 478 emisti?
955 473 957 475 .
974 435 1021 476 ui
1053 450 1135 492 pro
1156 442 1223 476 te·

56 493 267 536 stimouio
290 493 431 545 dixit,
462 501 530 546 te,
568 507 706 548 quum
726 491 945 548 inspicieu
983 507 1057 533 um
1079 505 1221 549 popo-

55 550 230 606 scisses,
268 549 424 591 vulso¹
461 548 725 590 euflssemate
747 549 987 590 remisisse:
1016 556 1067 590 ut
1086 547 1220 590 intel-

4 658 10 665 ·
53 606 223 663 ligatis,
267 605 315 647 in
353 604 536 647 homine
575 603 917 662 intelligentiam
952 618 1043 646 esse
1065 636 1078 659 ,
1121 618 1215 646 non

53 661 308 715 avaritiam3
345 661 522 703 artificii
550 660 789 716 cupidum,
825 676 919 702 non
945 675 995 701 ar
1028 661 1120 702 enti
1145 659 1221 702 fu·-

53 719 152 762 isse.
199 718 296 760 Nec
318 717 465 759 solum
487 717 530 758 in
553 716 732 774 Papirio
756 716 843 759 fuit
859 715 968 758 haec
988 675 1216 758 {munen-

52 774 136 816 tia:
181 775 326 816 tenuit
355 774 436 815 hoc
466 774 721 815 institutum
748 773 796 815 in
823 772 1031 815 turibulis
1068 772 1233 814 omni-2

51 829 158 886 bus,
196 844 501 887 quaecumque
524 829 570 871 in
592 828 742 870 Sicilia
761 828 958 871 fuerunt.
1015 828 1234 871 Incredi-.

49 885 139 928 bile
175 895 241 928 est
271 894 448 940 autem,
498 900 633 942 quam
668 885 811 927 multa
839 893 882 927 et
917 899 1051 941 quam
1118 899 1217 926 rae-

52 943 173 985 clara
193 943 377 984 fuerint.
436 942 583 985 Credo
602 950 724 997 tum,
745 956 884 997 quum
908 941 1059 983 Sicilia
1078 900 1215 983 Kore-

49 998 126 1040 bat
150 999 309 1056 opibus
336 1007 379 1040 et
405 999 569 1054 copiis,
606 1013 769 1055 magna
796 997 982 1040 artificia
1011 997 1143 1039 fuisse
1164 996 1213 1039 in

52 1069 103 1096 ea
130 1055 297 1109 iilsula3
330 1071 433 1097 nam
463 1055 623 1096 domus
649 1063 744 1096 emt
762 1062 862 1096 ante
882 1055 1018 1096 istum
1036 1061 1216 1110 praeto·-

50 1126 151 1153 rem
186 1111 311 1153 nulla
351 1112 502 1168 paullo
538 1110 839 1167 locupletior,
877 1125 962 1167 qua
997 1109 1046 1152 in
1073 1109 1211 1151 domo

51 1167 161 1209 haec
187 1182 280 1209 non
308 1175 475 1223 essent,
513 1167 685 1209 etiamsi
710 1176 941 1222 praeterea
965 1165 1080 1208 nihil
1099 1172 1214 1208 esset

51 1224 249 1281 argenti3
277 1223 441 1280 patella
461 1223 642 1279 grandis
661 1238 762 1264 cum
784 1224 817 1265 si
855 1223 967 1278 illis,
1004 1237 1055 1263 ac
1071 1222 1211 1264 simu·

48 1280 415 1334 lacrisdeorum,
443 1286 622 1337 patera,
647 1294 732 1335 qua
750 1295 796 1321 m
818 1238 961 1321 ‹ileres
980 1278 1035 1321 ad
1054 1293 1123 1321 res
1144 1278 1212 1320 di⁴

47 1335 173 1377 vinas
183 1343 436 1392 uterentur,
456 1335 717 1378 turibulum.
747 1337 872 1378 Haec
892 1343 1040 1377 autem
1059 1334 1213 1377 omnia

51 1393 236 1448 antiquo
251 1406 388 1449 opere
408 1400 452 1434 et
478 1407 656 1434 summo
675 1391 864 1434 artificio
883 1391 1024 1434 facta:
1051 1402 1094 1432 ut
1121 1392 1210 1432 hoo

48 1449 206 1491 liceret
230 1448 470 1505 suspicari,
509 1447 642 1491 fuisse
670 1448 908 1505 aliquando
937 1447 1056 1504 apud
1083 1448 1212 1489 δίου.-

49 1505 117 1547 los
146 1519 362 1560 peraeque
382 1520 464 1561 pro
486 1506 720 1561 portione²
745 1511 913 1546 cetera:
951 1503 1028 1547 sed
1049 1502 1209 1560 quibus

48 1561 193 1603 multa
220 1561 402 1603 fortuna
430 1562 681 1617 ademisset,
717 1569 870 1603 tamen
895 1561 1015 1619 apud
1035 1575 1109 1602 eos
1139 1574 1210 1601 re-

49 1617 262 1659 mansisse
291 1631 365 1671 ea,
404 1632 516 1673 quae
538 1618 697 1673 religio
723 1618 990 1659 retinuisset.
1071 1616 1209 1670 Dixi,

25 1724 30 1726 ‚
49 1672 242 1728 iudices,
270 1674 410 1714 multa
428 1674 562 1716 fuisse
580 1673 675 1716 fere
695 1675 814 1730 apud
836 1674 1009 1716 Siculos
1031 1685 1208 1715 omnes:

51 1743 135 1785 ego
170 1729 289 1770 idem
324 1730 567 1786 confirmo,
612 1745 732 1772 nunc
759 1745 814 1771 ne
847 1745 990 1771 unum
1023 1728 1208 1785 quidem

50 1799 157 1826 esse.
222 1783 345 1840 Quid
374 1784 459 1827 hoc
488 1781 588 1828 est?
626 1786 746 1843 quod
772 1793 1048 1839 monstrum,
1085 1783 1208 1840 quod

50 1841 308 1936 {rodigium
323 1840 370 1882 in
390 1843 668 1897 provinciam
686 1836 923 1883 misimus?
945 1841 1110 1883 Nonne
1130 1855 1208 1883 vo-

84 1896 118 1938 is
144 1897 191 1938 id
219 1899 359 1953 egisse
388 1898 588 1955 videtur,
622 1906 673 1941 ut
690 1913 784 1942 non.
812 1897 942 1940 unius
960 1897 1210 1951 libidinem,

101 2091 134 2134 ¹)
159 2091 326 2132 Sinrn.
350 2106 397 2126 ex
420 2092 510 2127 cdd.
530 2105 590 2140 pr.
642 2093 766 2145 Vulge
785 2092 907 2129 avulso
930 2087 1154 2128 Manamh.
1175 2099 1213 2126 οι

57 2135 188 2181 Gueq.
214 2132 353 2174 evulso.
788 2146 792 2149 '

96 2194 222 2245 2)·Ita
243 2193 366 2239 edidit
386 2196 480 2231 Em.
503 2210 523 2230 e
545 2201 644 2232 coni.
671 2188 848 2233 Turnebt.
876 2189 980 2232 Edd.
1007 2208 1067 2244 pr,
1095 2196 1211 2243 aequa

53 2249 225 2286 [vernone
249 2240 397 2277 Victor.
422 2253 490 2276 rte.
518 2254 701 2291 pei-aequa
723 2244 982 2292 proportionm
