1431 2481
189 139 262 175 582
535 138 596 175 m
619 140 826 178 VERREM
870 145 989 184 ACT.
1011 149 1067 188 11·

186 223 350 268 laestra
376 229 551 286 posuit,
590 230 639 274 P.
658 234 902 282 Africanus
922 240 969 283 in
987 243 1097 288 urbe
1115 247 1360 308 sociorum,

186 290 233 323 et
271 281 320 324 in
357 287 595 341 gymnasio
623 287 1069 356 Tyndaritanorum,
1112 301 1358 352 iuventutis

182 338 374 382 illorum
413 345 648 387 custodem
687 361 736 388 ac
769 353 1025 406 praesidem
1060 359 1204 402 voluit
1239 375 1357 418 esse3

180 402 343 452 teque,
370 398 620 456 Hercules,
659 417 792 460 quem
821 407 903 450 iste
920 410 1185 472 Agrigenti,
1222 427 1365 462 nocte.

180 451 475 511 intempesta,
513 472 746 502 servorum
777 462 996 509 instructa
1024 477 1068 512 et
1095 483 1354 531 comparata

179 522 346 566 manu,
391 513 640 556 convellere
670 531 727 558 ex
754 519 842 561 suis
870 521 1072 581 sedibus,
1118 536 1250 586 atque
1278 547 1356 574 au-

176 564 301 612 ferre
330 574 519 610 conatus
556 579 642 626 est,
690 581 849 631 teque,
901 580 1180 627 sanctissima
1207 595 1354 630 mater

175 621 335 678 Idaea,
374 629 660 684 quam‘apud
675 629 933 689 EnguinOS,
971 641 1285 694 augustissimo
1307 652 1354 687 et

176 679 516 735 religiosissimo
545 684 594 725 in
625 688 823 744 tempIO,
877 690 940 732 sic
979 695 1217 750 spoliatam
1246 700 1352 742 reli-

175 736 298 794 quit,
334 745 386 778 ut
408 753 531 780 nunc
558 754 727 784 nomen
763 747 899 789 modo
926 748 1158 809 Africani,
1198 763 1243 797 et
1275 771 1353 798 ve-

174 791 308 848 stigia
329 792 517 836 violatae
536 797 765 854 religionis
788 812 1021 862 maneant,
1051 820 1348 865 monumenta

171 846 388 892 victoriae
408 882 421 906 ,
481 850 661 910 fanique
705 868 969 902 ornamenta
1015 878 1110 908 non
1145 876 1348 926 exstent3

172 916 366 962 vosque,
412 909 620 952 omnium
645 927 798 955 rerum
823 914 1097 977 forensium,
1139 924 1348 980 consilio-

169 976 278 1005 rum
310 964 641 1024 maximorum,
678 969 856 1027 lecum,
893 973 1256 1036 iudiciorumque
1275 997 1347 1024 ar·

170 1016 281 1059 bitri
319 1025 364 1060 et
399 1028 565 1078 testes,
633 1004 926 1072 celesserrimo
965 1031 1014 1074 in
1048 1034 1149 1076 loco
1185 1038 1347 1094 populi

166 1072 308 1116 Rom.
330 1084 345 1108 t
367 1076 533 1133 locati,
583 1080 744 1124 Castor
782 1092 825 1126 et
854 1086 1042 1145 Pollux,
1088 1106 1282 1148 quorum
1319 1110 1344 1138 e

166 1130 342 1187 templo
374 1144 614 1189 quaestum
649 1138 734 1181 sibi
762 1140 846 1183 iste
883 1151 928 1185 et
953 1148 1168 1201 praedam
1197 1151 1359 1192 maxi--

166 1201 291 1228 mam
312 1189 645 1246 improbissime
667 1200 967 1254 comparavit3
997 1204 1239 1262 omnesque
1261 1207 1341 1263 dii,

168 1243 247 1299 qui
265 1245 483 1289 vehiculis
503 1248 765 1295 thensarum
783 1255 1024 1300 sollemnes
1040 1268 1192 1303 coetus
1209 1262 1342 1304 ludo-

165 1314 271 1345 rum
300 1301 448 1358 initis,
494 1320 687 1362 quorum
722 1310 807 1352 iter
835 1312 918 1355 iste
952 1315 1008 1356 ad
1044 1331 1179 1359 suum
1206 1333 1342 1375 quae·

161 1363 308 1412 stum,
348 1373 442 1401 non
469 1364 526 1404 ad
552 1364 823 1421 religionum
850 1369 1139 1427 dignitatem,
1167 1373 1339 1418 facien-

163 1411 276 1455 dum
296 1414 659 1477 exigendumque
682 1425 882 1481 curavit3
916 1434 1074 1484 teque,
1104 1430 1262 1488 Ceres,
1292 1440 1346 1477 et*

159 1467 355 1527 Libera,
396 1487 589 1528 quarum
617 1493 764 1535 sacra,
802 1481 918 1525 sicut
937 1484 1171 1540 opiniones
1188 1487 1338 1531 homi-

157 1538 272 1567 num
301 1541 353 1575 ,ac
382 1528 622 1585 religiones
644 1534 829 1593 ferunt,
864 1537 1001 1596 longe
1033 1543 1242 1586 maximis
1270 1552 1337 1586 at-

155 1595 245 1638 que
284 1584 596 1630 occultissimis
638 1592 920 1636 caerimoniis
947 1598 1264 1656 continentur,
1307 1616 1333 1644 a

157 1638 321 1693 quibus
349 1640 478 1684 initia
504 1645 623 1687 vitae
653 1654 788 1704 atque
818 1650 986 1707 victus,
1020 1653 1198 1711 legum,
1234 1671 1335 1709 mbo-

153 1706 285 1748 rum,
341 1702 702 1745 mansuetudinis
724 1737 736 1760 ,
791 1705 1082 1752 humanitatis
1120 1713 1330 1770 exempla

154 1747 418 1795 hominibus
443 1762 485 1796 et
507 1756 758 1803 civitatibus
778 1763 881 1806 data
907 1780 957 1806 ac
977 1765 1043 1807 dis
1081 1767 1213 1811 ertita
1236 1784 1330 1813 esse

155 1805 396 1864 dicuntur,
444 1825 637 1866 quarum
661 1832 784 1860 sacra
813 1821 1010 1878 populus
1085 1837 1273 1867 omanus
1301 1841 1328 1869 a

155 1861 342 1907 Graecis
372 1868 508 1910 ascita
546 1879 590 1913 et
625 1883 833 1930 accepta,
878 1885 1002 1920 tanta
1029 1879 1252 1936 religione
1283 1890 1329 1925 et

186 1918 331 1962 ublice
374 1929 419 1964 et
455 1925 668 1981 privatim
704 1937 882 1987 tuetur,
928 1948 1021 1976 non
1058 1943 1111 1977 ut
1137 1937 1192 1978 ab
1228 1937 1327 1983 aliis

184 1989 241 2016 uc
270 1977 430 2035 allata,
467 1982 544 2025 sed
572 1992 622 2027 ut
651 1988 809 2030 ceteris
829 1988 935 2031 hinc
956 1991 1121 2034 tradita
1148 2006 1243 2035 esse
1258 1994 1327 2043 vi«

196 2140 231 2176 ι)
258 2138 320 2172 Sic
339 2139 431 2178 Em,
455 2154 474 2175 e
495 2143 568 2183 Ms‚
599 2145 730 2192 Guelf.
760 2149 923 2198 itemque
943 2150 1079 2187 habene
1096 2153 1181 2188 cod.
1212 2153 1322 2208 [οἰδ-Ξ

151 2182 294 2264 ἷὲοὲἱῑυίῗ)
327 2185 444 2221 codd.
476 2201 540 2235 ap.
566 2189 731 2228 Lallem.
805 2198 932 2245 Vulgo
960 2199 1001 2232 in.
1028 2199 1115 2234 loco
1144 2211 1320 2248 praetem
