1416 2480
245 166 387 203 LIBER
421 166 672 214 QUARTUS.
724 166 833 203 CAP.
865 175 922 211 53.
950 169 1008 212 54.
1168 171 1238 213 245·

47 260 180 304 aedes
209 274 385 303 sacrae:
428 260 683 317 coliturque
714 275 766 303 ea
794 268 839 303 et
867 275 971 318 pars
999 258 1230 304 habitatur

45 317 421 374 frequentissime.
527 326 653 359 uaria
673 325 824 358 autem
850 325 916 359 est
939 317 1069 372 urbs,
1110 333 1226 374 quae,

49 375 157 432 quia
185 383 412 431 postrema
440 389 491 416 ae
530 374 675 416 'ficata
702 382 790 428 est,
830 373 1047 430 Neapolis
1075 375 1224 416 nomi-

46 439 208 473 natur:
249 445 383 486 quam
401 431 457 473 ad
473 445 699 472 summam
726 429 956 472 theatrum
987 439 1054 472 est
1074 431 1223 472 maxi-

46 501 200 543 mum3
227 494 460 544 praeterea
480 488 568 528 duo
588 486 757 542 templa
776 495 879 528 sunt
903 488 1106 543 egregia,
1136 485 1223 528 Ce-

47 544 161 586 reris
180 558 338 597 unum,
356 544 549 586 alterum
567 543 775 596 Liberae,
798 542 1065 599 signumque
1077 543 1222 600 Apol-

47 600 176 657 linis,
212 599 288 657 qui
309 599 570 642 Temenites
600 607 812 654 vocatur,
855 598 1221 655 pulcherrimum

46 664 92 697 et
118 656 396 712 maximum3
441 657 561 713 quod
588 656 669 698 iste
698 655 735 697 si
758 663 943 713 portare
974 655 1220 712 potuisset,

44 727 141 755 non
159 713 407 756 dubitasset
426 712 618 756 auferre.
657 720 663 726 ‘

158 826 288 869 LIV.
331 827 469 869 Nunc
499 826 554 869 ad
581 826 856 869 Marcellum
881 833 1108 882 revertar,
1155 840 1214 868 ne

42 878 156 925 haec
185 898 210 924 a
238 898 310 925 me
337 884 430 925 sine
463 899 594 926 causa
630 891 984 925 commemorata
1019 897 1112 925 esse
1150 882 1217 924 vi·
1274 883 1277 891 ‘

44 939 259 981 deantur:
294 940 369 996 qui
400 955 541 996 quum
571 949 663 982 tam
681 939 960 996 praeclaram
986 938 1149 981 urbem
1170 938 1216 980 vi

44 1009 99 1036 co
135 995 277 1052 iisque
305 997 516 1053 cepisset,
552 1012 646 1038 non
664 996 838 1052 putavit
858 996 913 1037 ad
933 995 1112 1036 laudem
1131 1010 1216 1059 po-

79 1010 143 1093 nii
172 1051 367 1095 Romani
396 1052 481 1094 hoc
512 1053 762 1109 pertinere,
812 1051 928 1093 hanc
961 1050 1217 1107 pulchritu-

77 1107 222 1162 inem‚
251 1123 308 1150 ex
328 1124 417 1164 qua
434 1109 702 1166 praesertim
719 1108 835 1150 nihil
856 1107 1047 1163 periculi
1065 1115 1216 1150 osten-

44 1163 253 1219 deretur,
289 1165 439 1206 delere
469 1173 514 1206 et
541 1165 842 1220 exstinguere.
909 1164 1065 1220 Itaque
1094 1164 1215 1206 aedi-

41 1218 156 1260 ficiis
177 1221 412 1275 omnibus,
441 1221 649 1278 publiciS,
674 1220 874 1277 privatis,
901 1216 1072 1262 sacris1
1107 1235 1215 1276 pro-

41 1273 159 1316 fanis
188 1275 250 1317 sic
288 1278 526 1334 pepercit,
589 1277 716 1334 quasi
751 1277 809 1318 ad
845 1291 898 1318 ea
926 1274 1214 1319 defendenda

41 1344 149 1372 cum
169 1332 399 1388 exercitu,
422 1349 516 1375 non
543 1332 869 1390 expugnanda,
894 1331 1100 1375 venisset.
1156 1332 1212 1375 In

41 1395 208 1429 ornatu
236 1389 361 1430 urbis
397 1389 555 1438 habuit
588 1389 801 1431 victoriae
838 1389 1086 1445 rationem,
1131 1387 1213 1430 ha-

41 1441 142 1484 buit
161 1443 465 1487 humanitatis.
509 1445 743 1488 Victoriae
758 1445 955 1502 putaba'e
967 1459 1074 1500 esse,
1093 1444 1214 1486 mul-

39 1506 87 1540 ta
114 1499 311 1543 Romam
347 1500 612 1558 deportare,
657 1516 770 1559 quae
801 1509 1070 1544 ornamento
1106 1500 1213 1543 urbi

40 1569 136 1597 esse
155 1564 361 1613 possent:
396 1558 711 1612 humanitatis,
749 1573 844 1600 non
878 1557 1012 1614 plane
1048 1572 1212 1614 exspo-

38 1609 191 1653 liare*
239 1614 423 1670 urbem,
465 1614 731 1671 praesertim
774 1630 909 1670 quam
944 1628 1212 1656 conservare

41 1667 269 1710 voluisset.
324 1670 378 1711 In
396 1671 482 1711 hac
503 1671 741 1726 partitione
762 1679 970 1724 ornatus,
995 1686 1086 1712 non
1111 1671 1213 1733 plus

41 1721 234 1766 victoria
265 1725 475 1766 Marcelli
511 1727 684 1782 populo
714 1727 924 1768 Romano
969 1725 1212 1782 appetivit,

42 1792 180 1833 quam
207 1779 463 1822 humanitas
486 1782 778 1837 Syracusanis
806 1782 1062 1824 reservavit.
1120 1781 1214 1824 Ro·-

42 1848 167 1875 mam
194 1851 306 1935 {iliae
334 1845 561 1899 asportata
587 1845 713 1889 sunt,
750 1838 805 1879 ad
834 1837 992 1879 aedem
1010 1837 1215 1880 Honoris
1267 1860 1271 1862 ·

43 1897 178 1947 atque
249 1893 425 1949 irtut1s‚
459 1893 657 1951 itemque
684 1894 779 1936 aliis
799 1894 848 1936 in
864 1893 975 1936 locis
995 1893 1215 1937 videmus.

95 2064 134 2111 ι)
161 2065 222 2098 Sic
246 2066 391 2100 Grae-v.
421 2077 441 2099 e
468 2065 584 2100 codd.
607 2066 698 2114 Reg.
721 2067 861 2100 Franc.
890 2065 952 2100 ed.
978 2066 1078 2100 Ven.
1104 2076 1219 2112 quam.

47 2119 200 2144 secutus
230 2121 284 2146 est
315 2112 428 2146 Beck.
499 2114 624 2160 Vulgo
649 2112 807 2161 publicis
836 2121 872 2148 et
898 2112 1067 2160 privatio,
1105 2110 1218 2145 sacris

49 2164 89 2191 et
141 2155 288 2196 rofanin.
757 2161 760 2171 '

96 2214 116 2235 2
163 2203 228 2237 Ita
250 2205 393 2243 Graev,
419 2214 456 2238 oc
478 2205 591 2239 Beck.
620 2211 854 2242 auctoritate
884 2203 1002 2246 codd.
1022 2203 1156 2242 Lamb.
1189 2211 1226 2237 ει

52 2248 144 2295 Reg.
195 2249 320 2298 Vulgo
347 2250 524 2300 spoliare.
