1416 2480
328 141 384 177 ΙΝ
407 139 520 176 ᾸΟΤ.
548 138 596 172 11.
622 137 678 172 ΙΝ
702 135 920 174 VERREM.
1138 140 1205 176 303

43 242 211 282 Luceria
240 239 369 278 altera
393 252 417 276 a
435 236 694 282 Lucumone,
729 235 816 272 sive
834 233 1078 283 Lucretino,
1117 236 1205 274 sive

44 315 65 337 a
98 301 210 345 luco,
239 308 361 347 quem
385 295 526 333 lucum
555 293 725 342 Asylum
754 299 973 329 vocaverat
995 292 1206 333 Romulus.

44 356 141 395 Post
168 355 219 393 de
237 351 474 391 nominibus
497 348 742 386 Sabinarum
763 347 902 399 plures
931 349 1082 397 sactae,
1113 352 1207 402 qui-

43 413 119 450 bus
141 407 486 462 deprecatricibus
515 410 733 456 parentum
763 403 915 443 bellum
939 407 1209 445 maritorum-

43 481 122 518 que
141 467 303 505 finitum
323 469 394 501 est.
452 461 515 499 Ad
543 466 796 511 postremum
818 460 928 497 >QX
951 468 991 498 et
1010 461 1043 499 V
1066 464 1209 502 factae.

45 524 330 561 obtinuerunt
357 525 494 557 autem
523 529 673 554 nomen
710 522 782 554 aut
809 531 830 552 a
862 517 1021 555 tributo
1048 519 1207 568 dando,

44 586 117 617 aut
143 579 238 630 quia
264 577 399 628 primo
427 582 508 612 tres
535 574 727 621 suerunt,
752 573 877 623 „unde
906 574 1029 612 etiam
1048 576 1211 615 tribuni

46 635 158 674 dicti.

157 684 461 743 religionem]
485 686 580 736 quia
600 686 729 722 iurati
754 690 875 722 testes
899 685 1102 724 dicebant.

159 742 392 795 lacumiis]
423 741 632 780 Lammiae
663 754 800 779 carcer
829 741 1054 792 Syracusis.
1128 740 1210 782 Lag

48 805 198 845 tomiae
220 808 357 841 autem
375 801 517 851 lingua
538 797 771 835 Siculorum
792 797 1041 848 lapicidinae
1060 799 1211 838 dicun-

46 867 137 910 tur,
165 859 210 898 id
228 866 309 907 est,
338 858 428 895 loca
449 855 575 892 caesis
604 853 810 905 lapidibus
839 860 1013 892 exsecta.

57 952 62 955 .
162 911 222 954 de
250 912 359 952 loco
388 906 651 964 superiore]
679 910 729 947 de
761 909 928 958 rostris,
957 911 1110 964 quippe
1137 913 1212 964 qui

50 971 191 1011 aedjlis
210 984 301 1009 sum
325 970 469 1007 factu&
1207 983 1210 988 -

165 1082 260 1135 Cap.
288 1080 356 1120 VI.
428 1091 518 1133 quo
549 1077 601 1117 in
632 1089 826 1117 numero
856 1089 884 1116 e
911 1075 1051 1118 vobis
1083 1093 1215 1121 com-›-

48 1137 210 1196 plures
229 1133 464 1193 fuerunt]
502 1137 592 1174 Alia
619 1136 728 1172 enim
759 1135 976 1172 sortitione
1007 1151 1119 1176 nunc
1147 1153 1215 1177 se-

53 1198 172 1243 dent3
209 1194 316 1232 alia·
344 1194 390 1233 id
417 1192 674 1230 divinatione
704 1192 983 1229 constituendi
1001 1201 1215 1232 accusato-

51 1254 110 1292 ris
126 1252 221 1291 fuit.
717 1268 720 1273 >
1063 1261 1067 1265 ·

167 1304 453 1344 inimicicias
481 1299 661 1355 iustas]
690 1303 752 1341 Ad
782 1303 895 1341 aliud
925 1311 1214 1356 argumentum

52 1363 273 1405 victoriam
293 1376 407 1400 suam
428 1362 745 1411 interpretatus,
783 1360 1026 1410 simpliciter
1046 1362 1213 1411 fatetur,

54 1420 166 1473 quod
193 1420 239 1457 in
266 1418 524 1457 divinatione
551 1421 880 1467 expugnaverat,
917 1412 1001 1453 no'n
1020 1418 1213 1457 idoneam

53 1477 182 1516 fuisse
209 1489 371 1514 causam
401 1473 622 1511 accusandi
640 1472 780 1510 Verris
801 1471 977 1510 Caecilio
1005 1484 1217 1512 commen-
1256 1497 1259 1502 ν

53 1533 189 1571 titiam
215 1532 480 1569 simultatem.
538 1530 601 1566 An
631 1528 782 1566 iustas
809 1526 1096 1567 inimicicias
1125 1545 1215 1569 ma-

56 1603 153 1641 gnas
175 1587 304 1627 dicit?
331 1593 379 1625 ut
399 1600 420 1624 e
441 1585 649 1624 contrario
668 1584 865 1636 Virgilius
897 1580 1095 1638 (Georg.
1123 1584 1215 1627 III.

117 1641 168 1695 7)
248 1697 398 1730 Iniusto
425 1694 491 1728 suh
502 1693 622 1738 fasce
648 1697 756 1727 viam
781 1691 870 1726 dum
895 1698 1030 1739 carpit.

171 1758 315 1800 quum
336 1741 388 1783 id
401 1740 682 1800 postularet]
711 1743 820 1781 Bene
851 1743 1029 1791 addidit,
1058 1745 1155 1794 quia
1172 1746 1218 1783 in

60 1801 316 1842 divinatione
343 1802 517 1840 huiusce
543 1801 605 1838 rei
633 1801 785 1837 mentio
804 1801 912 1837 sacta
935 1814 1019 1836 non
1040 1807 1139 1838 erat.

171 1857 356 1898 vim-in
384 1852 673 1910 inquirendo
703 1863 892 1892 caucam
922 1852 1087 1908 habui]
1117 1857 1220 1895 dicit

62 1915 184 1967 plura
217 1916 391 1956 crimina
427 1912 611 1951 inveniri
636 1913 839 1963 potuisse,
889 1926 1011 1962 quam
1049 1913 1220 1952 inventa

61 1977 182 2020 nunt,
217 1972 253 2010 si
278 1972 406 2011 vellet
429 1968 592 2006 Tullius
622 1982 708 2006 nou
733 1967 784 2005 ad
812 1969 941 2019 legem
968 1969 1221 2020 repetunda—-

63 2039 158 2064 rum
183 2027 492 2078 inquisitionem
520 2023 676 2072 facere,
705 2025 776 2062 sed
804 2025 855 2061 ad
873 2024 1087 2072 universa,
1117 2038 1221 2074 quae

66 2083 325 2122 commiserat
338 2081 500 2122 Verres.
556 2079 664 2119 Nam
687 2086 794 2119 certe
823 2086 1024 2130 quantum
1043 2081 1222 2119 abstule-

69 2163 370 2184 ·.·——-·-·r-

110 2217 144 2253 ι)
169 2213 250 2248 scil.
275 2194 433 2249 sortitio.
