1431 2481
143 146 212 186 104
491 139 549 176 IN
573 138 780 174 VERREM
827 138 942 173 ACT.
968 137 1019 173 11.

149 237 346 293 spicem,
377 241 422 275 et
439 247 714 290 praeconem
737 241 866 275 tuum
888 234 1230 289 recuperatores
1250 229 1325 273 daz

151 294 243 346 bis,
283 297 362 331 aut
390 291 529 332 etiam
556 289 688 331 illum
715 290 892 346 ipsum,
931 302 1063 345 quem
1092 295 1143 329 tu
1172 287 1221 329 in
1249 301 1327 330 co-

150 348 286 389 horte
313 355 392 388 tua
412 346 677 388 Cassianum
706 344 899 387 iudicem
924 344 1142 399 habebas,
1182 343 1217 386 si
1264 357 1326 384 ua

154 419 227 447 res
253 403 401 445 maior
428 411 566 458 esset,
604 401 838 458 Papirium
872 402 1196 453 Potamonem,
1281 414 1330 442 o-

156 460 330 507 minem
362 474 593 515 severum,
629 472 686 499 ex
706 465 856 500 vetere
881 458 957 499 illa
985 456 1181 513 equestri
1201 455 1332 498 disci-

155 511 323 574 plina?
357 515 610 557 Scandilius
630 513 859 570 postulare
885 514 939 555 de
960 520 1184 556 conventu
1202 526 1332 554 recri-

158 581 405 633 peratores.
464 571 588 613 Tum
607 570 687 612 iste
709 578 845 626 negat
863 586 907 612 se
928 571 981 611 de
1001 568 1333 611 existimatione

160 644 239 671 sua
265 629 499 685 cuiquam,
538 627 623 669 nisi
650 629 764 682 suis,
801 627 1159 668 commissurum.
1237 626 1332 667 Ne«

160 685 408 739 gotiatores
446 691 609 740 putant
649 698 741 724 esse
775 690 933 739 turpe,
979 682 1023 723 id
1057 681 1209 724 forum
1248 681 1335 723 sibi

160 740 371 800 iniquum
399 740 602 795 eiurare,
647 739 725 781 ubi
758 739 1061 795 negotientur.
1143 738 1337 780 Praetor

159 796 444 854 provinciam
486 812 613 837 suam
640 804 784 838 totam
821 795 902 836 sibi
939 795 1138 851 iniquam
1177 795 1335 837 eiurat.

166 853 210 897 Ο
236 853 568 909 impudentiam
597 847 892 908 singularem!
939 850 1029 892 Hic
1059 850 1260 906 postulat
1287 865 1333 892 se

164 909 340 952 Romae
363 909 556 964 absolvi,
591 909 666 966 qui
686 908 735 950 in
754 922 831 949 sua
854 906 1086 964 provincia
1105 905 1338 962 iudicavit,

167 981 213 1006 se
242 965 410 1007 absolvi
437 966 565 1007 nullo
594 966 733 1007 modo
759 959 924 1021 posse?
962 963 1033 1020 qui
1064 963 1166 1019 plus
1185 962 1339 1005 existil-

166 1034 265 1082 mer
281 1021 400 1078 apud
411 1022 673 1064 lectissimos
687 1030 803 1062 sena!
813 1036 912 1063 ores
925 1018 1179 1078 pecuniam,
1232 1034 1339 1061 uam

164 1079 288 1134 apud
315 1085 407 1120 tres
433 1079 736 1134 negotiatores
765 1086 936 1119 metum
965 1070 1148 1118 valere?
1200 1035 1339 1118 gean-

169 1135 302 1176 diljus
331 1149 437 1177 vero
465 1143 601 1191 negat
625 1149 718 1177 sese
750 1135 869 1191 apud
895 1133 1241 1176 Artemidorum
1267 1148 1340 1174 re-

167 1199 487 1245 cuperatorem
516 1191 701 1233 verbum
724 1205 815 1232 esse
832 1189 1086 1242 facturum3
1124 1196 1167 1230 et
1185 1196 1340 1232 tamen

167 1254 336 1303 auget1
386 1256 520 1304 atque
549 1255 706 1290 onerat
740 1256 782 1289 te
821 1246 950 1289 bonis
980 1245 1337 1301 conditionibus,

168 1302 206 1344 si
242 1311 295 1345 tu
330 1305 397 1346 uti
433 1303 576 1358 velis3
631 1304 667 1345 si
703 1319 761 1345 ex
797 1304 1028 1360 provincia
1058 1300 1210 1343 Sicilia
1242 1299 1338 1343 tota'

170 1366 337 1402 statuas
363 1360 827 1415 idoneumffudicem,
867 1367 942 1401 aut
971 1367 1340 1414 recuperatorem

169 1415 349 1458 nullum
378 1432 510 1473 posse
535 1417 750 1472 reperiri,
786 1416 986 1474 postulat
1015 1430 1040 1457 a
1065 1422 1133 1469 te,
1168 1421 1220 1456 ut
1245 1414 1341 1456 Ro«

167 1485 293 1513 mam
310 1473 499 1515 reficias.
555 1473 645 1514 Hic.
666 1474 894 1514 enimvero
914 1480 964 1513 tu
983 1471 1231 1526 exclamas,
1257 1470 1341 1513 ho-

172 1528 345 1572 minem
380 1529 666 1586 improbum,
710 1530 788 1586 qui
822 1529 1044 1585 postulet,
1087 1527 1150 1568 ibi
1178 1527 1231 1568 de
1261 1535 1340 1571 tua

172 1585 506 1627 existimatione
540 1586 758 1628 iudicium
795 1585 916 1640 fieri,
959 1584 1038 1626 ubi
1073 1592 1116 1626 te
1147 1583 1342 1626 invidio·

173 1655 273 1681 sum
304 1657 396 1684 esse
424 1642 687 1699 intelligat.²
760 1642 910 1698 Negas
935 1649 978 1682 te
1004 1641 1200 1682 Romam
1227 1640 1341 1681 reie-

173 1704 379 1753 cturum,
416 1713 553 1755 negas
580 1700 633 1739 de
662 1706 886 1740 conventu
904 1706 1243 1754 recuperatores
1264 1696 1343 1737 da-

173 1758 354 1809 turum,
392 1755 627 1797 cohortem
655 1764 780 1796 tuam
801 1754 1031 1811 proponis.
1088 1752 1341 1795 Scandilius

171 1823 272 1850 rem
310 1826 355 1852 se
384 1819 526 1853 totam
564 1811 829 1852 relicturum
869 1811 999 1865 dicit,
1048 1818 1092 1851 et
1120 1825 1200 1851 suo
1225 1818 1340 1850 tem·

170 1879 284 1926 pore
315 1882 408 1911 esse
432 1867 699 1915 rediturum.
758 1861 915 1919 Quid?
953 1874 1005 1908 tu
1029 1866 1094 1907 ibi
1113 1873 1212 1908 tum
1231 1863 1340 1923 quid

178 2007 485 2024 ————-

221 2121 256 2160 ι)
282 2127 410 2165 ιιτὲιεα
449 2118 528 2154 Ed.
547 2118 710 2154 Ascens.
743 2117 918 2153 lambere.
969 2114 1023 2151 Et
1049 2118 1107 2151 sic
1139 2109 1226 2151 codss
1248 2108 1350 2168 lauz-

174 2173 275 2198 noct.
1121 2170 1123 2174 ⁴

218 2227 254 2264 2)
283 2223 387 2258 Bene
409 2227 464 2259 sic
484 2224 574 2259 Ertz.
597 2225 764 2258 correxit
781 2224 891 2269 vulg..
909 2214 1168 2267 intelligebat-⁸
1216 2218 1218 2220 ¹
