1431 2481
177 145 239 180 165
276 145 334 180 IN
357 139 560 179 VERREM
585 143 695 179 ACT.
715 141 763 180 11.
788 144 928 180 LIBER
952 141 1200 190 QUARTUS.

174 243 334 288 valere,
366 243 609 292 praesertim
627 256 752 292 quum
778 257 924 295 parum
949 241 1203 280 auctoritatis
1223 241 1332 294 apud

179 299 217 336 S.
241 298 280 334 P.
301 297 347 342 Q.
365 296 410 334 R.
438 297 589 336 habere
617 299 809 346 debeant,
846 299 996 350 quippe
1025 298 1096 348 qui
1124 297 1333 347 Cicerone,

177 359 364 392 senatore
383 353 527 405 populi
547 354 721 392 Romani
739 355 899 405 publice
919 355 1029 392 haud
1046 354 1235 400 invitato,
1262 368 1335 392 or-

179 409 267 446 dini
285 411 490 446 senatorio
511 409 693 448 debitum
713 411 913 449 honorem
932 411 1198 457 detraxerint,
1211 424 1336 462 prae-

178 471 291 502 terea
317 465 517 516 populum
538 466 764 504 Ronlanum
795 480 839 503 ea
866 481 909 504 re
928 466 1193 513 offenderint,
1224 466 1335 516 quod.

179 534 342 558 crucem
363 521 499 570 illam,
539 524 604 561 cui
625 523 772 560 Verres
794 523 923 560 civem
945 528 1170 560 homanum
1191 522 1336 560 affixe-

177 583 262 624 rat,
292 577 478 615 nondum
496 579 737 616 revellerint
756 593 788 616 c.
811 593 834 630 9
847 599 901 620 -,-
917 593 931 618 1
945 593 977 617 1.

289 644 506 683 Praeterea
530 645 628 683 lleio
647 646 795 684 Veires
823 645 1138 698 peripetasmata
1161 646 1338 686 Attalica

178 707 324 753 rogatu
341 704 415 738 suo
436 702 486 738 ad
505 715 599 739 eum
619 703 741 740 missa
760 702 871 739 haud
890 703 1095 750 reddidit3
1115 703 1338 741 Philarcho

183 732 479 808 Ceonturipim,
506 758 562 795 Al
570 759 643 796 isto
665 759 978 803 Panmmitano,
1006 758 1202 811 Cratippo
1221 759 1284 810 Ty
1287 773 1337 797 n-

181 813 370 852 daritano
402 813 591 865 phaleias
618 815 917 867 pulcheirimas
943 815 1111 853 abstulit
1141 828 1172 852 c.
1197 828 1258 853 12.

293 893 340 931 In
369 894 482 931 hisce
513 895 635 932 furtis
667 909 792 947 opera
828 909 948 932 usum
988 908 1072 932 esse
1107 895 1342 937 ostenditur

180 951 359 989 fratrum
384 950 595 1002 'slepoleni
619 958 659 989 et
679 951 888 999 Hieronis⁷
918 951 988 1001 qui
1008 951 1145 988 omnia
1163 951 1344 988 eiusmo-

183 1007 224 1044 di
244 1007 359 1059 signa
379 1013 419 1044 et
447 1015 688 1046 ornamenta
717 1008 1030 1059 investigarent,
1059 1007 1182 1058 idque
1200 1020 1344 1044 exem-

180 1063 251 1114 plo
280 1063 484 1114 Pamphili
516 1063 771 1115 Lilybaetani
805 1063 1098 1111 confirmatur,
1126 1077 1159 1100 c.
1192 1063 1253 1101 13.
1279 1064 1344 1101 14.

182 1124 316 1170 neque
343 1120 452 1158 enim
480 1119 616 1171 ipsum
643 1120 706 1158 his
733 1120 777 1158 111
806 1121 928 1158 rebus
965 1121 1141 1170 aliquem
1178 1132 1343 1157 sensum.

183 1173 357 1224 habere3
394 1176 471 1213 etsi
492 1177 697 1214 studiosus
719 1177 773 1216 sit
790 1177 913 1214 huius
935 1175 1262 1223 existimationis,
1296 1180 1343 1223 ut

184 1237 356 1281 putetur
375 1233 422 1269 in
440 1233 490 1269 iis
510 1232 744 1284 intelligens
765 1246 850 1270 esse
879 1246 911 1270 c.
929 1232 989 1270 15.

295 1299 480 1349 Lilybaei
494 1299 629 1337 Diocli
641 1300 815 1350 Popillio
835 1299 973 1336 onmia
992 1297 1108 1336 abaci
1124 1311 1221 1335 vasa
1231 1310 1264 1334 c.
1280 1311 1293 1335 1
1305 1297 1345 1340 6,.

185 1353 238 1393 Μ.
260 1353 418 1400 Caelio,
441 1355 570 1406 equiti
587 1356 769 1393 Romano
799 1368 894 1393 vasa
927 1361 1138 1406 argentea,
1167 1354 1344 1391 Cacurio

185 1411 482 1461 supellectilem
502 1426 676 1456 omnem,
710 1412 756 1458 Q.
776 1411 942 1449 Lutatio
961 1411 1144 1448 Diodoro
1161 1423 1346 1447 mensam

185 1466 386 1516 vitream,
419 1468 636 1518 Apollonio
665 1468 948 1519 Drepanitano
982 1479 1101 1504 omne
1130 1472 1345 1517 argentum

186 1522 339 1573 optime
351 1524 519 1570 factum,
531 1524 681 1576 Lysoni
694 1525 893 1575 Apollinis
907 1525 1080 1576 signum,
1090 1523 1250 1574 pupillo
1260 1522 1346 1560 He·-

187 1578 253 1630 gio
273 1579 440 1630 scaphia
461 1594 553 1618 cum
573 1581 824 1619 emblematis
847 1580 1002 1631 eripuit
1027 1593 1058 1617 c.
1084 1592 1146 1630 17.

300 1647 407 1685 Tum
454 1654 680 1688 narrantur
712 1647 888 1685 iniuriae
919 1646 1112 1696 ‘Diodoro
1142 1646 1350 1684 Melitensi

186 1709 408 1754 propterea
431 1705 586 1750 sactae,
624 1704 733 1755 quod
760 1705 830 1741 ille
847 1703 996 1754 pocula
1023 1704 1104 1739 duo
1131 1702 1349 1740 Thericlea

189 1759 390 1798 Mentoris
412 1775 537 1798 manu
555 1760 662 1797 facta
684 1760 819 1797 Venis
840 1759 1057 1810 cupiditati
1084 1759 1349 1796 subtraxfflat

189 1828 221 1853 c.
255 1817 403 1868 18.19.
479 1816 550 1854 Cn.
579 1816 736 1854 Calidio
764 1816 890 1866 equiti
919 1815 1108 1853 Romano
1129 1820 1348 1865 argenteos

188 1873 407 1921 equalem,
435 1873 478 1910 L.
507 1873 671 1924 Papirio
698 1872 924 1909 thuribuli'
932 1871 1130 1918 emblema
1157 1865 1346 1920 abstulit,

188 1927 350 1977 aliaque
378 1929 578 1967 eiusmodi
605 1930 719 1966 1111·ῖῆ
750 1928 954 1965 commisit
983 1929 1023 1965 c'.
1030 1929 1109 1965 20.
1131 1938 1200 1965 21.
1234 1922 1349 1963 Catia-

188 1985 406 2045 nensibuS,
448 1982 749 2036 Ceritmipinis,
779 1970 1124 2035 Αςῃιωεῃεὶᾙιε,
1154 1982 1351 2019 Halunti-

188 2039 254 2076 nis
282 2054 403 2078 omne
424 2055 471 2078 al
473 2047 640 2092 gentum
667 2041 888 2087 caelatum,
921 2045 966 2077 et
993 2039 1130 2086 omnia
1151 2050 1248 2076 vasa
1268 2037 1349 2075 [o-

188 2094 349 2133 rinthia
367 2097 540 2147 eripuit,
567 2111 630 2148 pr<
619 2104 778 2135 aeterea
805 2096 1038 2146 plurimam·
1044 2098 1222 2132 vestram
1243 2098 1349 2132 stra-'-

127 2171 139 2175 -
188 2164 243 2244 igi·
232 2151 341 2199 ·,lam
359 2152 486 2190 lectos
505 2160 681 2204 amatos,
697 2152 944 2192 candelabm
957 2162 1081 2192 aenea
1094 2150 1190 2222 sibi
1202 2149 1350 2191 confici

209 2209 312 2246 ussit
339 2221 372 2246 c.
400 2221 452 2248 22
468 2229 517 2237 -·-
532 2208 600 2249 26.
792 2223 810 2231 ⁴⁴
