1420 2491
149 126 218 165 570
457 114 513 150 IN
533 113 649 149 Acm-
665 114 693 153 1.
718 113 775 151 ΙΝ
797 114 1004 151 VERREM

268 210 334 254 ad
373 212 524 269 ipsum
566 207 820 267 fornicem
846 209 1134 266 Fabianum]
1182 213 1313 255 Arcus

155 278 217 310 est
244 286 374 324 prope
402 270 588 317 Vestam,
626 275 699 306 aut
723 268 888 308 aFabio
918 271 1094 321 quodam
1121 280 1315 324 praetore

158 329 315 377 dictus,
344 327 416 379 q-uj
436 340 530 364 eum
551 326 735 374 curavit,
768 333 840 365 aut
866 327 963 378 quia
981 327 1038 366 ibi
1061 329 1213 370 multae
1229 335 1316 367 ata-

151 391 247 422 tuae
268 383 487 423 fabiorum
509 388 632 420 stant.
1150 397 1154 402 ⁷

212 443 218 449 '
265 437 396 479 vidit
415 435 480 477 ad
502 433 922 493 ipsumfornicem·
940 436 1223 492 Fabianum]
1249 443 1317 479 sa-'

157 510 268 536 cram
296 495 623 549 ingredientibus
649 495 761 533 viam
786 504 878 547 post
897 497 1096 548 templum
1117 498 1317 545 Castoris,

154 555 200 592 in
219 568 299 606 quo
321 554 406 592 eius
425 551 605 591 familiae
625 565 777 590 nomen
804 553 1050 605 inscriptum
1070 560 1142 592 est.
1198 550 1318 592 Fabi

157 618 211 649 cu.
229 609 471 649 maximus
488 605 574 645 ille
594 619 653 646 εδ.
706 610 836 646 Arcus
859 609 1037 648 latinum
1056 624 1141 648 non
1160 617 1235 649 est.

270 663 552 721 propinquis
572 663 962 718 necessariisque]
1008 667 1133 717 Atqui
1154 667 1189 704 si
1210 667 1318 705 Hor-

159 724 292 761 tensio
312 722 466 760 amicus
485 721 592 768 erat,
631 721 669 757 ei
695 721 820 772 magis
840 734 962 772 quam
983 721 1103 761 Verri
1120 724 1322 775 gratulari

161 781 379 827 debuerat,
417 778 488 829 qui
514 790 719 814 summum
739 776 941 815 honorem
965 778 1102 816 fuerat
1122 792 1320 817 consecu-

158 842 238 874 tus.
297 835 379 873 Sed
395 834 503 872 forte
524 846 607 870 non
627 839 811 885 poterat,
849 835 944 884 quia
965 835 1088 872 turba
1106 842 1195 873 erat
1212 835 1322 874 circa

155 892 304 943 ipsum.
337 889 474 937 Quid?
502 889 613 941 quod
631 903 707 927 nec
726 890 967 928 necessariis
987 891 1075 928 eius
1093 891 1322 943 gratulatus

159 956 241 997 est,
279 947 389 999 quod
416 951 478 984 est
507 945 838 994 consuetudinis,
873 952 921 983 ut
945 947 1104 998 velpa·
1122 947 1222 989 alios
1245 961 1322 987 110-

159 1012 292 1043 strum
320 1009 465 1043 votnm
495 1002 765 1040 nuntiemus?
810 1002 1004 1041 Ostendit
1030 1016 1126 1055 ergo
1144 1003 1254 1042 nihil
1271 1005 1323 1042 ab

158 1061 240 1100 hoc
274 1061 356 1099 nisi
394 1060 443 1097 de
470 1058 610 1096 Verris
646 1058 903 1096 absolutione
943 1060 1138 1111 cogitari,
1183 1061 1254 1111 qui
1282 1066 1323 1098 et

158 1118 309 1155 amicos
337 1116 384 1154 in
411 1115 609 1153 felicitate
629 1115 783 1167 positos
813 1115 1123 1154 condemnabat.
1147 1120 1157 1141 ¹

272 1169 470 1210 verbum
501 1167 685 1208 nullum
711 1166 858 1220 facit]
906 1178 1023 1208 tanta
1049 1178 1112 1210 est
1138 1171 1321 1209 amicitia

156 1230 387 1283 praelatus,
422 1233 472 1264 ut
497 1226 644 1277 perdat
662 1226 852 1264 officium.

273 1279 402 1338 quod
432 1294 574 1335 quum-
604 1290 702 1319 tam
724 1280 864 1319 multi
884 1279 1116 1333 homines]
1155 1282 1245 1320 dixi
1263 1283 1324 1321 si-

160 1356 285 1394 gnum
315 1353 472 1378 verum.
524 1337 648 1389 Signa
674 1344 846 1388 possunt
871 1338 1053 1377 derivari
1079 1339 1132 1376 ad
1149 1339 1324 1377 alteram

158 1404 321 1450 partem
338 1409 468 1434 snam.
498 1393 584 1431 Hoc
603 1394 766 1445 signum
789 1401 963 1432 conatur
981 1395 1168 1443 auferre3
1195 1401 1237 1433 et
1254 1409 1324 1433 ar-

159 1460 354 1505 gumento
376 1453 446 1490 dat
463 1463 672 1488 rumorem
691 1451 833 1501 populi
859 1451 1036 1497 scilicet,
1067 1451 1174 1501 quod
1194 1464 1323 1502 quum

160 1516 246 1548 tam
264 1509 387 1547 multi
404 1507 615 1545 audissent
633 1506 723 1543 aliis
742 1507 966 1544 ridiculum
985 1506 1210 1546 videretur.

276 1560 554 1613 ridiculum]
582 1563 691 1613 quod
718 1563 826 1600 dixit
856 1562 992 1600 Curio.

274 1616 566 1674 quodquam
586 1626 686 1656 cam
707 1616 862 1669 muln]
910 1618 961 1656 Et
991 1619 1027 1657 si
1043 1619 1134 1670 quis
1152 1626 1325 1671 quaerat

160 1685 419 1723 a1mtorem,a
437 1675 578 1713 multis
599 1675 787 1712 auditum
808 1675 942 1722 dieite
962 1676 1073 1727 quod
1091 1676 1137 1714 in
1156 1682 1323 1714 utrum-

159 1749 238 1786 que
267 1734 450 1786 prodest.
504 1731 556 1769 Et
579 1732 756 1782 populus
782 1746 868 1769 non
896 1731 1082 1783 poscitur
1107 1732 1244 1780 testis3
1282 1738 1325 1770 et
1360 1766 1369 1776 x

158 1791 319 1829 firmius
349 1796 427 1837 est,
473 1788 582 1839 quod
622 1802 644 1824 a
673 1788 863 1838 pluribus
892 1794 1086 1827 causatur
1119 1788 1321 1826 auditum.

159 1846 415 1884 Ratiocinari
432 1844 701 1896 prudentium
725 1851 798 1882 est.

208 1971 241 2006 ι)
279 1967 402 2010 Vulgo
436 1965 535 2012 arqui
557 1964 585 1998 si
609 1977 651 1999 ex
671 1965 872 1999 Hortensio
903 1964 1038 1998 amicus
1063 1972 1140 1999 erat
1159 1974 1195 1998 et
1213 1965 1321 1998 Verri

158 2011 272 2058 magis
295 2011 464 2058 gratulari
490 2031 534 2037 —
559 2030 603 2036 —
627 2031 674 2037 —-
709 2010 871 2045 ostendit
896 2023 981 2057 ergo
1001 2008 1096 2044 nihil
1116 2010 1161 2045 ab
1180 2010 1253 2044 hoc
1275 2009 1320 2045 de

159 2058 261 2091 omni
287 2057 406 2090 Venis
429 2056 662 2091 absolutione
686 2057 844 2103 cogitare
868 2077 914 2083 —
939 2057 1077 2103 positus
1108 2065 1321 2090 contemne·

154 2103 231 2138 bat.
259 2103 304 2136 In
317 2102 375 2136 his
388 2115 483 2149 quac
497 2102 680 2136 mendosa
702 2113 810 2136 erant
828 2103 921 2135 bene
937 2103 1105 2136 correxit
1118 2103 1319 2136 Graevius.

199 2154 236 2188 2)
269 2149 389 2194 Vulgo
413 2158 607 2191 corrupte:
631 2147 754 2194 ecquis
776 2157 926 2196 quaerat
948 2159 1137 2182 auctorem
1158 2147 1205 2182 de
1228 2146 1321 2180 mul-

157 2193 200 2228 tis
222 2204 421 2241 cognatum
443 2193 546 2228 dicit.
