1441 2470
406 124 564 161 ACTio
591 125 762 162 PRIMA.
813 129 917 166 CAP.
948 143 981 178 7.
1241 148 1284 185 η

103 213 263 258 εειιῖὴῃ
290 224 507 274 cauteque
536 217 769 273 dicentnr3
807 230 858 263 ut
883 231 928 265 et
951 224 1176 270 amicitiae
1194 244 1278 271 no-

97 279 240 327 strae,
275 278 319 313 et
347 272 578 329 dignitatis
607 274 728 316 illius
761 277 912 322 habita
936 281 1175 326 ratio-esse
1208 285 1276 328 in-

97 326 340 383 telligatur.
426 328 565 371 Videt
594 331 650 372 ad
681 331 829 389 ipsum
867 335 1090 381 fornicem
1119 338 1275 384 Fabia·

98 398 211 425 num
236 383 279 426 in
313 383 444 426 turba
473 384 685 429 Verrem.
765 390 986 447 Appellat
1021 394 1271 463 hominem,

95 446 139 480 et
168 439 208 481 ei
237 453 345 481 voce
368 442 567 483 maxima
587 445 843 497 gratulatur
863 449 1111 493 victoriam.
1130 460 1146 481 ¹
1178 454 1273 511 Ipsi

92 495 366 551 Hortensio,
415 497 488 553 qui
511 501 665 540 consul
689 510 782 542 erat
804 503 971 559 iactus,
999 509 1270 566 propinquis

54 588 57 591 Α
92 552 439 608 necessariisque
462 554 578 610 eius,
617 558 810 612 quitum
830 561 1040 617 aderant,
1077 565 1268 609 verbum

92 607 272 650 nullum
307 609 438 650 facit:
486 626 590 652 cuin
620 612 706 654 hoc
742 616 967 674 consistit,
1021 620 1142 663 hune
1175 639 1270 665 am-

90 662 327 720 plexatur,
357 664 478 707 huuc
498 666 622 709 iubet
642 670 736 710 sine
756 686 863 714 cura
886 690 990 716 esse.
1048 677 1268 733 „Renun-

92 719 179 773 tio,
212 720 381 777 inquit,
411 722 513 775 tibi,
551 731 594 764 te
616 724 844 769 hodiernis
865 732 1057 773 comitiis
1078 750 1169 777 esse
1191 736 1268 778 ab-

89 776 300 818 solutum.
316 778 344 802 “
430 778 566 829 Quod
599 796 738 837 qnuni
769 791 858 826 tam
886 788 1018 829 multi
1058 790 1266 836 homines

87 829 391 875 honestissimi
413 835 663 891 audissent,
692 840 844 882 statim
865 844 918 884 ant
939 859 1011 886 me
1031 846 1264 904 ‹lel'ertur3

84 886 228 930 inimo
257 903 388 942 vcro,
427 899 477 932 ut
504 892 688 949 quisque
710 911 782 937 me
804 898 1000 953 viderat,
1038 904 1266 949 narrabat.

86 940 202 983 Aliis
228 944 342 986 illud
376 946 638 1002 iudignum,
686 950 782 992 aliis
812 954 1055 999 ridiculum
1085 960 1265 1004 videba-

85 1004 186 1052 tur,
231 1000 478 1043 ridiculum
511 1005 588 1059 iis,
635 1006 710 1062 qui
743 1008 867 1050 istius
905 1026 1085 1057 causffln
1125 1017 1168 1059 in
1197 1027 1264 1060 vte·-

84 1054 222 1096 stium
253 1055 364 1112 fide,
403 1058 450 1099 in
479 1060 723 1103 criminum
753 1067 952 1121 ratione,
992 1070 1039 1112 in
1058 1071 1262 1118 iudicum

84 1119 328 1164 potestate,
376 1129 469 1154 non
498 1116 544 1155 in
573 1119 766 1160 comitiis
797 1125 1132 1184 consularibus,
1178 1146 1262 1187 po·-

78 1163 211 1206 sitam
232 1164 593 1223 arbitrabantur3
617 1172 859 1228 indignum
878 1177 962 1235 his,
977 1188 998 1208 2
1031 1185 1106 1239 qui
1125 1187 1260 1230 altius

79 1220 437 1279 perspiciebant,
467 1234 510 1267 et
536 1226 653 1270 hanc
681 1234 1033 1286 gratulationem
1060 1241 1116 1282 ad
1143 1243 1260 1285 iudi-

81 1275 204 1318 cium
223 1283 611 1338 corrumpendum
635 1296 839 1343 spectare
866 1291 1216 1341 arbitrabantur.
1233 1306 1252 1332 3

78 1331 264 1374 Etenim
300 1335 362 1376 sic
393 1338 806 1401 ratiocinabantur,
851 1348 914 1389 sic
952 1350 1258 1400 honestissimi

77 1386 285 1432 homines
294 1391 467 1436 interse
479 1403 522 1436 et
533 1412 711 1440 mecum
721 1400 1044 1458 loquebantur:
1074 1411 1256 1468 „Aper-

78 1445 225 1487 teiam
245 1461 294 1489 ac
314 1451 553 1507 perspicue
573 1454 701 1497 nulla
720 1472 813 1499 esse
828 1460 1007 1504 iudicia.
1039 1466 1131 1518 Qui
1150 1484 1256 1512 reus

75 1500 224 1558 pridie
251 1503 342 1545 iam
371 1506 466 1563 ipse
495 1523 541 1550 se
569 1511 923 1559 condemnatum
949 1522 1159 1580 putabat,
1198 1526 1252 1582 is,

77 1565 369 1616 posteaquam
407 1563 618 1608 defensor
656 1569 749 1611 eius
785 1575 946 1616 consul
983 1586 1049 1620 est
1081 1579 1250 1638 factus,

78 1612 338 1657 absolvitur.
355 1619 383 1642 ‘⁶
413 1643 469 1651 —-
507 1623 629 1674 Quid
650 1621 825 1681 igitur?
864 1631 985 1686 quod
1015 1640 1111 1677 tota
1140 1637 1258 1681 Sici-1

74 1667 160 1723 lia,
195 1673 314 1728 quod
343 1689 497 1720 omnes
529 1678 694 1736 Siculi,
730 1698 888 1727 omnes
920 1692 1250 1751 negotiatores,

75 1739 232 1769 omnes
252 1729 458 1785 publicae
466 1735 755 1794 privataeque
767 1740 925 1784 literae
936 1744 1110 1790 Romae
1128 1760 1248 1808 sunt,

118 1902 155 1941 ι)
181 1899 372 1937 victoriam
394 1904 502 1939 abest
534 1906 613 1942 Ms.
639 1909 770 1945 caiae.
797 1913 870 1948 Gu-

118 1950 156 1987 2)
184 1947 248 1981 Sic
265 1949 339 1984 Ms.
366 1949 494 1992 Guelf.
519 1953 644 1988 Vulrro
675 1955 729 1991 iis.

117 1998 154 2034 3)
180 1993 254 2027 Pro
282 1994 551 2031 arbitrabantur
578 1980 754 2036 lf'amhm.
780 2010 878 2040 coni.
897 2007 1113 2055 -legendam
1143 2013 1244 2050 vide-

71 2035 175 2072 bant.
227 2039 302 2074 Sed
327 2043 418 2089 quia
438 2047 495 2078 sic
510 2046 667 2080 exsistit
689 2049 862 2084 clausula
882 2052 1115 2097 hexametri,
1144 2066 1245 2107 apci-

70 2095 115 2118 ιω·
136 2095 237 2120 esset
265 2086 535 2135 intelligebant.
589 2092 698 2142 Certe
727 2094 786 2129 bis
813 2102 854 2132 in
885 2101 1059 2136 clausula
1081 2103 1242 2140 duorum

70 2132 320 2167 membrorum
334 2140 503 2181 positum
522 2135 813 2183 arbitrabamur,
846 2156 926 2180 non
945 2157 1002 2182 est
1023 2150 1244 2187 ciceronia-

69 2187 173 2211 num.

130 2246 208 2285 Gic.
239 2248 338 2296 Opp.
380 2249 486 2288 Pom.
516 2251 565 2297 V,
1026 2264 1052 2293 2
