1416 2480
269 141 325 176 ιΝ
339 140 453 176 aer.
476 140 524 175 11.
549 140 605 176 m
629 138 850 175 vznnm.
875 140 1032 176 L113.11.
1189 147 1257 183 353

188 233 240 277 Si
257 249 397 292 quum
419 234 541 277 Ιιαεε
562 249 592 276 a
614 235 840 290 quopiam
858 245 1068 277 vestrum
1086 237 1243 292 petita

73 303 209 337 sunt,
235 302 431 350 praetor
450 292 692 348 improbus
712 292 793 330 cui
812 305 949 332 nemo
971 290 1242 333 intercede-

71 364 123 389 re
137 347 307 405 possit]
336 351 379 388 in
411 350 628 402 provincia
656 351 836 397 scilicet3
877 364 971 388 nam
994 351 1144 389 Romae
1166 364 1241 402 ap-

68 407 219 459 pellari
236 407 394 445 tribuni
414 414 588 459 possunt
608 412 750 443 contra
771 420 934 444 omnem
953 413 1210 458 potestatem.

186 471 238 501 ut
253 471 451 517 praetor
470 461 520 500 in
543 474 599 500 ea
623 460 771 500 verba
801 460 1037 500 iudicium
1067 458 1164 515 det]
1192 464 1238 502 iu

67 521 194 559 verba
220 520 306 556 litis
334 520 425 557 iure
446 520 686 571 composito.

177 571 231 614 L.
266 570 525 627 Octavius}
558 576 673 612 verbi
702 575 831 626 gratia
859 574 972 612 hunc
1000 573 1125 624 ‹licit3
1163 577 1236 628 qui

66 645 179 670 nunc
226 632 269 670 in
317 645 492 670 numero
541 631 728 669 iudicum
765 631 899 679 sedet,
945 632 1236 684 subtiliterque

65 687 219 727 laudat.

177 741 231 783 L.
264 737 498 783 Octavius
525 738 704 783 Balbus
733 738 886 782 iudex
915 739 1075 796 homo]
1123 741 1235 784 Haec

63 807 163 839 sunt
180 801 368 852 exempla
387 801 632 848 verborum,
671 813 773 851 qnae
804 800 847 838 in
873 802 1001 839 verba
1028 801 1231 840 iudicium

63 857 162 896 dare
184 857 303 910 fingit
321 856 557 895 Praetorem
578 857 823 908 improbmn.

174 912 294 951 iuris
321 921 366 950 ec
397 906 569 965 officii]
599 915 662 951 ius
695 913 745 950 ad
776 911 1008 954 doctrinam
1028 914 1232 966 pertinet,

61 969 242 1008 officium
273 969 323 1007 ad
349 969 560 1007 virtutem.

174 1022 229 1065 L.
254 1021 488 1063 Octavius
517 1020 670 1064 iudex
698 1021 817 1076 esto]
849 1025 1008 1064 Iudicio
1029 1040 1103 1065 suo
1131 1027 1232 1065 sun-

61 1087 183 1134 gatur
209 1082 361 1120 Balbus
393 1083 435 1119 in
466 1080 712 1129 Servilium,
756 1082 790 1119 si
831 1088 1013 1131 constat,
1052 1083 1232 1122 fundum

62 1138 311 1189 Capenatem
333 1137 374 1174 P.
396 1137 566 1175 Servilii
587 1152 694 1185 esse,
722 1150 856 1188 neque
878 1138 911 1175 is
933 1138 1089 1176 fundus
1105 1140 1231 1177 resti-

59 1199 204 1232 tuetur
217 1190 380 1242 Catulo)
402 1193 517 1230 cuius
540 1208 625 1231 non
645 1200 716 1231 est.
775 1194 983 1231 Memento
1002 1201 1139 1232 autem
1163 1196 1231 1232 iu-

60 1251 170 1288 dices
198 1256 433 1301 praesentes
465 1263 571 1298 esse,
616 1263 793 1300 quorum
829 1250 1067 1289 nominibus
1096 1252 1230 1290 utitur

61 1305 114 1344 ad
134 1306 383 1357 exemplum.

174 1374 326 1416 neque
345 1362 386 1400 is
391 1356 590 1416 fundus
615 1357 922 1414 restituatur]
951 1360 1040 1401 Hoc
1067 1361 1228 1417 signifi-

58 1425 146 1467 cat,
174 1432 292 1470 coge,
330 1425 377 1456 ut
405 1419 608 1456 restituat.

173 1481 259 1512 aut
286 1470 611 1513 condemnare
640 1486 745 1514 eum
785 1486 923 1529 quem
957 1488 1057 1515 non
1087 1487 1229 1531 opor-

57 1526 177 1584 teat]
206 1531 303 1582 quia
331 1531 382 1568 de
411 1530 543 1569 fundo
565 1532 801 1575 exeumlum
824 1532 1015 1579 dederat,
1050 1533 1228 1572 subiecit

57 1587 283 1626 clausulam
309 1587 433 1625 etiam
464 1587 513 1624 de
534 1588 890 1626 condemnatione.

168 1642 211 1682 si
228 1654 329 1682 non
349 1639 555 1694 accipit,
615 1640 714 1683 uod
735 1651 782 1683 te
803 1638 973 1683 debere
994 1639 1118 1685 dicis
1140 1656 1224 1685 ac-

58 1709 216 1744 cuses;
255 1698 297 1737 si
321 1698 526 1753 petitur,
603 1698 739 1750 acas]
781 1700 933 1740 Sensus
969 1700 1039 1741 hic
1069 1709 1150 1741 est:
1190 1702 1227 1742 si

56 1769 141 1797 non
163 1756 370 1807 acceperit
390 1755 592 1803 creditor,
622 1756 734 1807 quud
751 1768 793 1795 se
811 1756 959 1795 debere
981 1757 1143 1797 debitor
1162 1759 1228 1797 di·-

57 1813 137 1860 cit,
189 1818 428 1861 accusetur,
473 1812 509 1849 si
535 1812 715 1864 petitur,
754 1813 1077 1864 condemnetur3
1115 1814 1229 1855 idem

55 1867 225 1907 scilicet.

173 1919 290 1962 duci
310 1919 468 1976 iussit]
486 1922 555 1963 val
572 1937 691 1964 reum
708 1920 800 1965 fieri
811 1952 822 1973 ,
849 1928 892 1964 et
912 1926 1098 1966 accusari
1117 1939 1224 1976 eum,

61 1978 132 2028 qui
154 1981 307 2030 petitor
325 1985 453 2028 esset,
489 1981 560 2020 vel
580 1982 706 2019 etiam
724 1981 925 2020 damnari.
983 1982 1133 2022 Melius
1151 1997 1227 2022 au-

60 2039 166 2083 tem,
195 2030 310 2075 duci
330 2034 493 2082 imit,
524 2037 750 2076 damnavit.

173 2088 256 2146 qui
286 2089 416 2133 cives
432 2088 646 2133 Romam·
664 2089 824 2145 erant]
852 2090 1126 2136 subauditur*
1140 2091 1229 2137 da-

60 2140 253 2186 bantur.

175 2200 217 2240 si
237 2198 394 2241 Siculi
413 2200 586 2257 essent]
615 2205 864 2246 &ubauditur
889 2206 976 2247 rei.

106 2265 188 2301 Cic.
217 2266 314 2311 Opp.
345 2265 448 2301 Tom.
477 2267 527 2305 V.
1040 2264 1096 2307 23
