1416 2480
427 126 670 164 ANONYMI
693 126 883 163 NOTAE.
1169 136 1232 172 381

175 225 339 286 patior
366 221 552 265 iudices
581 232 625 262 ec
656 237 754 262 non
778 222 972 264 moleste
975 221 1115 281 fero]
1144 241 1234 265 mo-

67 287 213 325 raliter
230 292 241 314 ¹
261 286 423 323 locutus
443 290 526 330 est·,
553 295 649 319 nam
668 295 789 319 nemo
810 289 871 320 cst
890 284 960 333 qui
981 284 1151 322 moleste
1165 286 1234 323 'se-

68 350 136 382 rat
162 344 347 382 fructum
374 340 526 378 laboris
556 340 632 376 sui.

181 396 376 439 virtutis
411 403 600 433 vestrae
633 389 851 448 fructum
887 407 984 435 esse
1023 393 1231 450 laturos]

69 469 167 495 nam
193 456 354 494 fructus
376 451 624 490 accusatoris
644 451 743 497 erit,
780 453 814 489 si
843 453 1021 503 optimus
1042 454 1235 492 videatur

68 517 304 559 accusator3
339 509 525 548 iudicum
553 508 587 544 si
617 521 701 545 non
728 509 1007 560 corruptionis
1036 510 1235 550 notentur

65 568 249 607 infamia.

182 622 339 662 minus
356 620 612 675 aliquanto
638 633 780 674 quam
800 618 920 659 mihi
950 633 1067 677 opus
1094 620 1230 675 esset]

68 681 122 721 ad
139 682 324 720 fructum
344 678 698 729 consequendum,
726 678 770 715 id
791 684 871 725 est,
900 679 952 716 ad
973 680 1120 717 bonam
1141 681 1233 732 opi-

65 739 234 777 nionem
261 736 592 788 comparandam.

102 788 106 795 ‘
178 794 231 832 in
253 790 345 831 hac
365 791 680 830 accusatione
701 787 1047 843 comparanda]
1069 793 1233 843 quando

66 851 244 890 crimina
273 849 523 900 colligebam.
583 848 736 885 Omnes
763 848 872 884 enim
899 860 951 884 ex
971 847 1047 885 hac
1068 863 1236 887 accusa-

64 908 179 946 tione
200 911 472 958 cognoscuut,
504 903 614 953 quod
631 903 842 954 improbos
870 916 1032 951 omnes,
1062 919 1147 942 non
1166 920 1234 943 so-

65 964 153 1001 lum
174 963 345 1001 Verrem
368 960 461 998 odio
481 958 637 1008 habe03
675 960 785 1010 quod
804 959 974 998 minime
1000 961 1167 1011 fuisset,
1198 961 1235 999 si

67 1019 217 1058 Verres
236 1019 405 1057 abesset.

180 1068 552 1123 constituenda]
594 1071 757 1122 quando
797 1072 970 1124 incipiat
1004 1075 1234 1124 accusatio3

66 1131 231 1184 quando
252 1131 337 1168 dies
360 1130 516 1181 petitur
539 1130 590 1167 ad
611 1128 935 1177 accusationem,
975 1135 1022 1167 ut
1040 1143 1234 1181 praesens

66 1187 381 1227 condemnetur.
810 1179 812 1182 ⁵

178 1240 337 1282 tenuis
356 1238 504 1295 plane
526 1249 669 1296 acque
693 1237 912 1284 obscura,
935 1237 1140 1285 iudices,
1163 1254 1234 1281 es-

66 1298 156 1352 set]
185 1301 219 1338 si
243 1301 387 1337 absens
421 1297 718 1336 condemnatus
749 1305 853 1336 esset
884 1296 1042 1336 tenuis
1069 1313 1133 1337 res
1165 1300 1234 1338 vel

65 1357 235 1395 videtur
253 1369 306 1394 ex
325 1361 441 1406 parte
465 1351 668 1392 obscura
693 1369 776 1392 11011
794 1354 974 1392 videtur.
1032 1354 1139 1408 Ergo
1158 1369 1234 1408 per

16 1435 18 1438 >
65 1412 210 1458 αὑξησιν
239 1412 339 1457 dicit
360 1409 518 1448 tenuis
547 1418 690 1463 acque
711 1407 928 1449 obscura.

9 1519 15 1529 ι
95 1468 99 1470 “
180 1468 233 1508 in
264 1480 318 1506 eo
349 1478 485 1522 quem
514 1477 651 1504 nemo
683 1465 746 1504 sic
767 1478 910 1504 ausus
940 1461 1232 1522 defendere]

66 1527 164 1566 Ideo
204 1524 257 1563 in
287 1536 340 1562 eo
371 1522 502 1571 dixit-3
542 1529 583 1560 et
610 1537 694 1561 non
731 1522 784 1561 in,
815 1533 921 1561 eum
957 1525 1054 1574 quia
1082 1524 1161 1562 hoc
1188 1526 1235 1564 in

64 1590 289 1633 utrumque
310 1593 450 1618 casum
469 1580 707 1630 profertum
746 1580 855 1617 sieut
873 1579 1092 1631 Virgilius:
1143 1577 1187 1618 T
1180 1593 1236 1621 a..

66 1638 128 1679 lis
148 1638 199 1677 in
220 1635 353 1675 hosce
357 1631 470 1689 fuic
480 1649 495 1679 ;
527 1649 653 1686 quum
672 1634 724 1673 in
744 1633 924 1674 hostem
937 1636 1148 1675 Priamum
1170 1638 1235 1675 di-

66 1710 159 1734 cere
187 1694 341 1733 debuit.
401 1691 506 1730 Nam
525 1692 560 1729 si
585 1692 790 1742 praesenti
814 1694 1052 1744 repugnetis
1074 1699 1115 1730 et
1134 1707 1234 1731 con-

65 1751 270 1791 demnetis
300 1763 415 1795 eum,
452 1748 524 1786 ubi
547 1748 673 1785 nimia
694 1749 986 1799 comprobatur
1005 1749 1235 1800 integritas,

65 1823 169 1848 num
199 1809 343 1846 absens
372 1806 466 1844 idco
494 1810 631 1855 potest
651 1804 785 1843 videri
809 1804 1105 1843 condemnatus
1138 1806 1235 1857 quia

69 1878 111 1902 se
139 1865 342 1904 redimere
367 1861 514 1900 noluit.
785 1862 787 1864 ’

85 1927 89 1930 ”
182 1916 621 1975 potentissimorum
647 1913 894 1955 hominum
915 1911 1235 1970 defendatur]

74 1975 206 2028 Optat
233 1974 482 2017 contendere
513 1985 606 2010 cum
626 1973 894 2019 adversariis,
932 1982 980 2012 ut
1008 1974 1237 2014 ex‘maiore

72 2032 298 2071 certamine
318 2030 773 2084 gloriosamffvictoriam
799 2032 1011 2070 sortiatur.

124 2207 159 2246 1)
181 2199 331 2247 sorsat:
349 2201 421 2248 leg.
445 2200 669 2247 ioculariter.

78 2271 156 2306 Cic.
184 2269 282 2316 Opp.
317 2268 421 2313 Tom,
452 2271 501 2306 V*-
690 2313 693 2315 μ
1046 2261 1101 2301 25
