1416 2480
241 163 379 205 mmm
411 155 660 208 QUARTUS.
709 151 815 188 CAP.
844 148 899 193 36.
927 155 984 194 37.
1145 151 1214 186 αις,

53 266 136 309 bus
161 260 349 307 traditus
375 254 454 310 sit,
496 259 548 294 ut
576 250 872 291 monumenta
901 240 1124 283 maiorum
1153 235 1215 277 ita

55 334 241 365 suorum
255 316 438 374 quisque
459 306 691 360 defendat,
728 309 778 344 ut
799 314 849 342 ea
867 313 922 341 ne
944 293 1096 338 ornari
1116 291 1213 350 qui-

58 379 171 428 dvm
186 372 368 418 nomine
398 367 545 409 alieno
568 363 706 405 sinat:
747 366 797 400 tu
824 355 898 398 isti
925 351 1092 406 aderis,
1119 346 1214 405 zqui

57 449 152 477 non
179 426 435 474 obstruxit¹
482 421 628 477 aliqua
666 431 725 458 ex
760 419 889 471 parte
923 411 1218 451 monumenta

58 491 110 535 P.
133 483 377 543 Scipionis,
414 478 490 523 sed
523 474 721 519 funditus
740 467 920 512 sustulit
939 480 990 506 ac
1019 453 1216 505 delevit?

59 544 277 602 Quisnam
306 539 469 603 igitur,
504 547 586 590 per
602 531 706 571 deos
733 521 1036 574 immortales,
1073 516 1220 560 tuebi-

60 611 137 646 tur
155 598 203 642 P.
228 594 449 653 Scipionis
475 586 741 633 memoriam
760 581 927 623 mortui
944 573 967 620 ¹?
1005 575 1101 633 quis
1124 587 1221 615 mo-

59 661 275 703 numenta
303 659 435 707 atque
458 644 620 690 indicia
649 638 849 692 virtutis,
889 636 924 677 si
944 641 994 675 tu
1014 646 1064 673 ea
1086 630 1220 673 relin-

90 728 168 754 ucs
195 724 244 751 ac
271 709 468 759 deseres,
491 713 647 756 'neque
675 696 818 738 solum
839 692 1027 747 spoliata
1046 687 1123 729 illa
1141 700 1220 742 pa-

60 778 196 822 tiere,
248 765 323 806 sed
352 763 485 804 etiam
522 769 678 799 eorum
715 749 1005 805 spoliatorem
1037 751 1220 784 vexato-

60 836 246 882 remque
276 811 522 862 defendes?
550 812 726 853 Adsunt
746 802 1000 860 Segestani,
1039 799 1221 841 clientes

63 881 158 935 tui,
198 877 306 919 socii
324 873 479 932 populi
510 865 701 912 Romani
727 871 856 918 atque
871 859 1025 902 amici:
1063 855 1224 896 certio-

63 952 162 980 rem
180 944 223 978 te
242 933 411 987 sariunt
426 962 438 984 ,
466 929 513 970 P.
531 924 794 968 Africanum
809 950 820 972 ,
850 913 1127 968 Karthagine
1149 910 1226 952 de-

63 995 180 1048 leta,
215 988 506 1032 simulacrum
531 981 701 1024 Dianae
727 973 969 1018 maioribus
995 970 1083 1013 suis
1100 968 1230 1008 resti-

64 1049 226 1098 tuisse3
262 1044 396 1101 idque
415 1040 532 1099 apud
555 1038 840 1091 Segestanos,
877 1029 969 1071 eius
989 1027 1230 1081 imperato-

65 1107 128 1150 ris
155 1101 338 1147 nomine
366 1099 561 1157 positum
591 1105 640 1133 ac
661 1089 914 1131 dedicatum
944 1084 1106 1133 fuisse3
1144 1079 1230 1121 hoc

67 1162 266 1204 Verrem
293 1151 629 1198 demoliendum
658 1154 702 1188 et
738 1140 1057 1200 asportandum
1078 1171 1091 1194 ,
1148 1150 1232 1178 no-

69 1230 264 1273 menque
291 1211 476 1254 omnino
494 1205 544 1248 P.
565 1201 784 1259 Scipionis
805 1196 961 1240 dolend
971 1210 1043 1235 um
1071 1193 1232 1236 tollen-

74 1274 179 1315 dum
214 1286 269 1313 ue
294 1278 496 1319 curasse,
540 1268 671 1303 orant
697 1266 765 1311 te,
813 1262 942 1309 atque
973 1251 1244 1312 obsecrant,

74 1326 125 1372 u't
154 1328 188 1370 si
223 1327 237 1369 i
263 1324 554 1380 religionem,
598 1314 753 1373 generi
779 1320 859 1355 tuo
890 1307 1072 1351 laudem
1095 1302 1234 1362 glori-

75 1399 237 1442 amque
267 1381 500 1432 restituas,
544 1383 620 1426 ut,
665 1369 783 1429 quod
813 1381 871 1410 ex
895 1364 1006 1406 urbe
1034 1360 1233 1405 hostium

71 1456 156 1499 per
184 1440 232 1482 P.
258 1437 524 1481 Africanum
550 1425 886 1486 recuperarint,
924 1420 970 1461 id
996 1434 1078 1476 per
1104 1426 1147 1460 te
1177 1429 1237 1459 ex

73 1496 314 1555 praedonis
342 1493 477 1535 domo
497 1497 758 1532 conservare
779 1479 962 1540 possint.

192 1603 444 1650 XXXVII.
491 1600 611 1658 Quid
638 1605 715 1640 aut
744 1602 824 1638 tu²
870 1591 938 1633 his
968 1584 1240 1644 respondere

80 1665 265 1708 honeste
291 1669 442 1720 potes,
480 1666 556 1700 aut
581 1657 647 1698 illi
674 1654 844 1706 facere,
881 1647 967 1689 nisi
987 1654 1037 1686 ut
1059 1652 1099 1685 te
1119 1656 1168 1682 ac
1188 1641 1241 1682 fi-

83 1721 186 1762 dem
216 1727 339 1760 tuam
368 1707 647 1773 implorent?
684 1709 888 1759 Adsunt,
925 1699 1244 1755 etimplorant.

85 1775 218 1819 Potes
238 1773 503 1817 domesticae
521 1768 664 1811 laudis
683 1759 1042 1821 amplitudinem,
1076 1753 1244 1811 Scipio,

142 1976 176 2014 1)
203 1972 263 2007 Sic
281 1971 440 2006 Beckius
471 1979 552 2001 cum
581 1963 664 2000 cod.
692 1961 824 1997 Cuiac.
849 1958 937 2003 Reg.
962 1967 1024 1999 ap.
1048 1952 1190 1988 Graev.
1214 1958 1250 1983 ec

98 2016 228 2064 Guels.
254 2017 464 2061 rescripsit,
507 2024 577 2058 pro
605 2011 710 2054 vulg.
744 2005 927 2040 obtrusit,
966 2004 1067 2047 quod
1100 2007 1250 2032 sonsum

97 2077 175 2099 non
193 2063 319 2098 habet.
344 2061 545 2097 obstruere
559 2069 614 2093 esc
627 2050 869 2099 aedificando
895 2049 1116 2083 obscurare,·
1142 2043 1251 2082 (Ger-

90 2116 223 2144 ·man1's
242 2109 461 2149 ,verbauen)
496 2104 607 2139 Idem
633 2103 779 2148 placuit
801 2098 976 2130 Erneseio
1010 2101 1046 2124 ει
1077 2091 1251 2124 Gruterv,

96 2158 250 2194 Hotom.
271 2165 307 2189 et
327 2153 460 2188 Lamb.
489 2149 651 2184 obtrivit.
703 2148 742 2183 C.
767 2142 893 2188 steph.
923 2137 1057 2173 obruit.

144 2213 164 2235 2
212 2202 273 2236 Sic
291 2200 385 2234 Em.
407 2212 427 2232 e
452 2195 584 2244 θυεμ.
607 2193 721 2242 idque
734 2189 906 2239 postulat
924 2190 985 2221 vis
1005 2180 1252 2217 azzaeiclaeseos.

103 2249 161 2283 Vu
176 2260 224 2295 go
245 2246 355 2281 abest
382 2254 434 2285 tu,
