1416 2480
250 137 662 187 LIBER-QmNTUS.
713 138 818 174 CAP.
848 150 903 195 17ἒ
933 145 987 181 18,
1150 149 1218 186 ³97

45 241 139 288 ret,
178 234 368 290 appulsa
387 232 568 276 Veliam
598 240 685 288 est,
725 247 831 274 cum
857 231 1068 287 plurimis
1086 231 1221 274 rebus

45 291 157 345 iis,¹
209 304 316 346 quas
343 297 445 332 ante
478 289 676 331 Romam
713 288 892 330 mittere
923 303 1028 330 cum
1061 290 1222 329 ceteris

46 345 364 401 furtis-noluit,
403 344 522 402 quod
543 353 671 387 erant
692 344 971 398 carissimae,
1002 344 1223 386 maxime-

49 418 133 459 que
156 417 261 444 eum
281 401 576 443 delectabant.
635 401 747 443 Eam
767 414 925 442 navem
947 415 1095 456 nuper
1117 415 1222 456 ego-

47 467 144 501 met
170 457 258 501 vidi
278 457 465 510 Veliae,
505 458 726 513 multique
757 457 833 498 alii
862 456 1125 511 viderunt,²
1155 459 1225 498 iu-

49 514 193 571 dices,
230 528 341 570 quae
362 514 544 571 quidem
567 513 799 567 omnibus,
839 512 915 568 qui
944 528 1041 554 eam
1065 514 1224 569 adspe-

48 579 237 626 xerant,
309 578 563 627 respectare
592 570 681 611 iam
712 568 948 624 exsilium,
984 577 1117 626 atque
1145 584 1225 611 ex-

48 626 231 685 plorare
282 641 416 684 ugam
447 626 620 668 domiui
638 624 887 668 videbatur.

162 740 342 783 XVIII.
372 738 494 796 Quid
512 737 625 780 mihi
648 739 733 780 hoc
760 737 862 780 loco
892 733 1227 796 respondebis?

50 796 138 841 nisi
155 797 276 839 forte
298 796 339 838 id
353 829 366 849 ,
405 795 549 852 quod,
576 796 756 836 tametsi
776 794 957 850 probari
980 796 1110 838 nullo
1129 811 1228 838 mo-

52 855 111 898 do
139 861 312 910 potest,
357 859 510 893 tamen
540 851 626 893 dici
664 851 848 907 quidem
881 851 928 893 in
965 852 1133 894 iudicio
1172 851 1227 894 de

50 909 255 968 pecuniis
283 907 544 964 repetundis
564 922 744 950 necesse
776 916 864 959 est,
905 908 958 950 de
984 916 1063 949 tua
1090 923 1231 963 pecu-

52 968 159 1008 nia³
204 965 482 1007 aedificatam
514 979 606 1006 esse
635 978 734 1004 eam
761 963 926 1005 navim.
983 963 1117 1006 Aude
1142 964 1230 1006 hoc.

52 1022 212 1064 saltem
233 1021 406 1076 dicere,
435 1021 553 1076 quod
574 1035 754 1062 necesse
774 1028 852 1061 est.
881 1020 990 1062 Noli
1007 1028 1232 1076 metuere,

53 1077 300 1132 Hortensi,
327 1092 382 1119 ne
414 1092 625 1133 quaeram
641 1109 653 1130 ,
695 1077 771 1133 qui
795 1076 976 1118 licuerit
994 1075 1233 1119 aedificare

53 1148 216 1175 navem
247 1134 458 1175 senatori.
515 1132 741 1189 Antiquae
761 1139 866 1174 sunt
884 1133 993 1175 istae
1012 1132 1161 1189 leges,
1188 1141 1235 1175 et

53 1197 287 1246 mortuae,
316 1189 698 1244 quemadmodum
715 1196 764 1229 tu
786 1189 901 1230 soles
925 1189 1091 1244 dicere,
1119 1204 1233 1246 quae

54 1252 221 1287 vetant.
304 1245 407 1287 Fuit
436 1246 517 1286 ista
546 1259 617 1286 res
642 1244 824 1302 publica
854 1246 1109 1301 quondam,
1146 1245 1235 1288 fuit

55 1300 141 1343 ista
167 1301 376 1343 severitas
402 1300 691 1356 iniudiciisst
731 1309 783 1343 ut
810 1301 943 1343 istam
972 1317 1073 1344 rem
1103 1315 1235 1344 accu-

57 1365 189 1399 sator.
211 1356 259 1399 in
287 1357 462 1421 magnis
491 1357 755 1399 criminibus
780 1358 1084 1399 obiiciendam
1104 1366 1237 1415 puia-

58 1421 146 1456 ret.
218 1413 341 1463 Quid
369 1414 488 1454 enim
519 1412 600 1454 tibi
627 1428 740 1455 navo
768 1428 881 1470 opus
912 1409 1061 1456 1'uit?5
1092 1414 1170 1470 qui
1199 1416 1238 1457 si

58 1484 148 1526 quo
186 1468 368 1525 publice
406 1468 780 1526 proficiscereris,
828 1478 872 1511 et
910 1471 1145 1526 praesidii,
1193 1481 1238 1514 et

57 1533 270 1567 vecturae
297 1540 453 1580 causa,
490 1533 674 1581 sumptu
692 1526 877 1582 publico
901 1527 1079 1582 navigia
1106 1542 1238 1584 prae-

59 1580 301 1634 berentur,
339 1582 552 1638 privatim
582 1590 733 1623 autem
757 1597 840 1637 nec
867 1583 1097 1639 proficisci
1127 1598 1239 1639 quo-

60 1651 195 1692 quam
222 1639 429 1695 posseS,⁶
457 1653 540 1680 nec
563 1652 784 1680 arcessere
811 1653 883 1680 res
912 1642 1238 1682 transmarinas

110 1765 147 1803 1)
178 1762 239 1796 Sic
260 1762 434 1796 Lambin.
490 1763 613 1808 Vulgo
632 1762 759 1809 rebus,
786 1774 823 1799 et
846 1763 902 1798 iis.

106 1811 142 1849 2)
167 1808 298 1854 Ina-pte
335 1809 396 1842 hic
427 1810 696 1856 repetebantur
724 1811 846 1844 verba
874 1809 1163 1856 pulcherrimam
1186 1821 1239 1846 at—

65 1865 135 1902 que
159 1854 426 1888 ornatissimam
441 1880 450 1894 ,
490 1860 567 1888 iam
588 1856 636 1888 ab
656 1855 830 1890 Ernemo
850 1860 956 1891 uncis
976 1858 1141 1891 inclusa.

108 1901 151 1946 3)
183 1901 284 1934 Olim
306 1900 526 1935 addebatur
559 1911 749 1941 constare,
785 1902 887 1948 quod
914 1904 1058 1937 Graev.
1084 1913 1120 1936 et
1142 1903 1238 1938 Ern'.

66 1944 304 1982 deleverunt.
357 1947 409 1980 Et
429 1949 537 1982 abest
559 1946 672 1980 codd.
700 1949 834 1982 lamb.
853 1948 989 1982 Franc.
1014 1948 1143 1994 Gan-(f,

108 1993 378 2041 mfflssemmius
391 1996 486 2027 coni.
506 1993 570 2026 isra
592 1993 759 2040 reipubl.
772 1993 901 2041 religio
915 1993 972 2029 vel
985 1995 1095 2029 tatio:
1124 1996 1240 2030 Lam-

67 2037 193 2072 binus.
229 2040 296 2072 ma
320 2038 373 2072 rei
397 2039 501 2086 publ.
526 2038 698 2085 dignitas.

112 2083 153 2130 5)
173 2084 279 2118 cod.
305 2085 436 2119 Θυίας.
459 2084 546 2133 quid
577 2084 675 2119 enim
696 2085 762 2122 tibi
781 2083 931 2122 navim?
971 2087 1114 2123 Graev.
1139 2091 1238 2124 coni.

67 2141 141 2182 quo
171 2128 268 2164 enim
291 2130 359 2164 tibi
382 2131 500 2164 navim

65 2221 91 2256 l·
113 2178 149 2214 b)
178 2187 304 2224 possen
329 2196 376 2204 -
401 2177 531 2213 liceret
550 2178 645 2215 Em.
669 2181 839 2217 ccv-rexit
851 2191 918 2227 pro
930 2178 1038 2227 vulg.
1060 2189 1169 2227 poten
1190 2199 1244 2209 --·

84 2230 172 2256 icet.
