1416 2480
364 134 423 172 m
440 132 554 170 ACT.
577 135 607 170 1.
629 130 689 170 ιΝ
706 134 925 171 VERREM.
1164 144 1232 184 29⁵

233 233 449 283 metuam
506 231 776 271 oracionem
835 231 1220 272 accusationem-

63 303 154 344 que
224 291 334 328 Bene
364 288 465 327 haec
491 289 720 340 separavit,
754 296 799 327 ut
829 291 1066 328 ostenderet
1094 289 1219 327 etiam
1272 314 1275 317 -

61 348 151 385 sine
174 352 374 399 perpetua
403 345 592 383 oratione
620 346 922 384 accusationem
952 353 1089 384 tamen
1113 359 1221 393 esse,

62 410 104 441 et
123 409 169 442 ut
186 401 360 454 intelligi
379 408 536 453 posset,
575 409 623 441 ut
651 415 715 439 res
744 415 830 440 non
860 416 941 440 una
959 402 1031 440 sed
1049 408 1096 439 ut
1115 401 1220 440 duae

61 459 159 498 sint.

172 526 301 553 nunc
322 510 376 552 id
394 509 776 569 qnodsacimus,
809 525 866 552 ea
885 508 1222 567 racionefaci-

62 568 184 623 mus]
205 570 506 623 inconsequens
525 572 702 618 locutio,
732 578 773 608 et
789 572 962 608 obscura
982 585 1066 609 non
1085 570 1220 608 minus

61 634 143 675 est,
172 641 295 679 quam
323 628 394 666 illa
421 628 465 665 in
492 627 802 666 fine-orationis
827 640 904 678 pro
922 626 1107 678 Ligario·‚
1139 627 1221 665 nisi

58 683 169 722 forte
181 678 397 734 facimus
420 684 547 721 semel
567 684 749 734 ponitur.

171 751 314 793 quum
338 737 490 778 multa
519 736 805 781 libidinose,
836 736 989 776 multa
1009 736 1219 778 crudeli-

59 804 132 835 ter
161 794 214 833 in
247 794 376 834 cives
406 804 549 850 acque
575 794 751 846 socios]
777 811 799 834 a
825 796 960 845 specie
989 797 1146 847 coepit,
1176 804 1218 834 et

58 851 277 890 subiunxit
304 866 428 905 genus
463 851 637 890 dicendo
665 859 806 902 postea
847 850 902 888 in
931 847 1046 889 deos
1073 861 1217 906 acque

60 904 276 946 homines
304 909 374 946 sed
401 923 485 946 non
513 915 574 946 est
603 908 774 955 vitium,
820 908 931 958 quod
967 922 1042 959 pro
1074 909 1218 947 auxesi

61 964 260 1016 positum,
290 979 373 1002 non
402 978 478 1015 pro
506 964 821 1002 ratiocinatione
841 971 916 1001 est.

175 1020 439 1058 sestertium
479 1016 892 1074 quadringenties]
941 1019 1134 1058 Diximus
1167 1021 1218 1059 de

61 1076 138 1117 hac
178 1076 415 1126 quaestione
451 1089 633 1114 summae
663 1077 814 1114 variae.
872 1077 920 1114 ln
948 1076 1217 1116 Divinatione

59 1134 170 1171 enim
187 1133 422 1170 sestertium
440 1133 587 1170 millies
606 1132 735 1179 dixitf,
755 1133 867 1182 quod
883 1133 1093 1180 solvimus,
1106 1134 1218 1184 quod

59 1189 195 1227 adhuc
224 1203 307 1226 non
330 1196 419 1228 erat
443 1189 652 1226 insinuata
684 1189 904 1227 criminum
923 1189 1030 1227 ratio
1051 1188 1217 1228 Cicero-

60 1246 127 1294 ni3
157 1251 197 1283 et
216 1245 324 1296 quod
343 1259 396 1283 ex
411 1259 587 1297 persona
600 1244 764 1283 Siciliae
788 1246 1048 1296 loquebatur,
1068 1242 1216 1297 augere.

57 1301 195 1339 voluit
219 1301 464 1350 veritatem3
501 1308 543 1339 et
572 1302 766 1352 quoniam
796 1316 866 1353 spe
889 1302 1004 1353 dupli
1021 1303 1089 1339 vel
1112 1316 1214 1353 qua-

60 1356 199 1410 drupli
235 1358 516 1408 repetitionis,
547 1359 812 1409 quantumvis
849 1358 1081 1397 accusatori
1115 1373 1215 1410 pro-

61 1414 175 1465 gredi
203 1413 336 1452 licuit.
395 1414 501 1452 Nam
528 1415 713 1465 quamvis
741 1415 975 1452 sestertium
996 1415 1214 1466 octingen-

58 1470 137 1507 ties
156 1470 273 1521 dupli
294 1471 459 1509 nomine
480 1472 589 1524 exigi
609 1484 705 1508 usus
727 1478 799 1517 est,
820 1471 1054 1509 sestertium
1079 1478 1231 1509 tamen-

59 1526 391 1578 quadringenties
430 1528 716 1565 tantummodo
758 1528 981 1578 repetitam
1029 1534 1113 1575 est·,
1162 1527 1215 1564 ad

58 1582 285 1633 gratiamne
306 1582 538 1633 Hortensii,
573 1598 625 1622 an
653 1597 788 1630 snam,
828 1597 880 1620 an
912 1585 1037 1621 etiam
1066 1583 1212 1621 conni-

58 1639 200 1677 ventia
220 1638 428 1677 Ciceronis
449 1641 598 1690 ipsius,
622 1654 767 1692 parum
790 1641 1076 1692 comperimus.

170 1691 318 1746 Dixi]
351 1695 474 1733 Moris
494 1704 682 1734 veterum
701 1696 793 1744 suit,
819 1696 1060 1745 qunm‘satis
1078 1697 1214 1733 visum

59 1757 164 1790 esset
189 1752 356 1789 fluxis-se
383 1753 605 1790 verborum
635 1752 743 1791 hanc
760 1753 839 1790 sibi
860 1753 1145 1790 necessitatem
1165 1752 1217 1789 fi-

60 1807 236 1846 niendae
262 1807 459 1845 orationis
489 1809 723 1860 imponere,
763 1815 810 1846 ut
829 1809 1015 1846 dicerent
1033 1809 1085 1846 ad
1114 1808 1217 1846 ulti-

4 1892 12 1899 .
44 1869 193 1905 Jnum:
225 1858 363 1908 dixi;
403 1865 512 1915 quod
531 1865 676 1913 etiam,
711 1866 762 1902 ab
790 1871 965 1915 utraque
985 1872 1102 1916 parte
1122 1879 1214 1902 ora—

59 1918 172 1958 tione
191 1927 454 1971 consumpta,
494 1927 541 1959 ut
559 1921 603 1958 in
625 1922 841 1959 consilinm
863 1921 1184 1970 dimitterentur,
1205 1925 1214 1946 ¹

63 1983 228 2025 praetor
246 1976 403 2014 solebat
419 1978 711 2028 pronuntiare:
736 1973 996 2022 dixeram&
1029 1979 1129 2015 bene
1151 1992 1217 2015 er-

66 2042 115 2080 go
153 2030 314 2069 Tullius
350 2032 602 2071 denuntians
635 2032 882 2071 advorsariis
926 2034 1220 2086 compendium

67 2085 275 2125 brevitatis
300 2087 382 2127 hoc
408 2091 536 2129 verbo
562 2103 660 2128 usus
681 2096 755 2138 est,
784 2085 909 2128 dixi.
969 2089 1064 2130 Non
1083 2097 1219 2128 autem

113 2210 145 2245 ι)
170 2210 253 2244 scil.
274 2207 412 2246 iudices
439 2210 542 2258 quod
568 2213 799 2248 vocabulum
826 2212 1040 2259 hiesorsan
1061 2211 1223 2250 excidit,
