1431 2481
189 134 260 180 562
549 145 610 182 IN
632 147 842 187 VERREM
865 153 980 192 Ac‘r.
1005 157 1059 195 Π.

188 248 425 290 percussos
453 251 547 281 esse
578 239 742 284 dicent.
829 246 919 290 Hic
948 251 1072 305 vide,
1120 261 1266 311 quam'
1292 272 1367 302 me

190 291 250 332 sis
278 306 442 333 usurus
473 309 630 352 aequo·
688 299 845 350 Quum
872 320 954 359 ego
978 308 1026 351 P.
1049 309 1274 354 Granium
1300 322 1367 356 te-

189 354 305 387 stem
336 349 626 407 produxero,
662 356 738 411 qui
768 372 871 401 suos
900 362 1088 407 libertos
1111 382 1136 408 a
1154 375 1199 410 te
1217 371 1366 414 securi

186 418 426 459 percussos
463 421 555 449 esse
595 410 739 467 dicat,
785 415 861 470 qui
892 433 916 459 a
953 426 996 461 te
1036 437 1198 465 navem
1236 441 1365 471 suam

186 474 451 516 mercesque
477 473 674 520 repetat:
710 470 931 530 refellito,
976 477 1011 518 si
1035 480 1230 535 poteris3
1268 497 1364 526 me-

187 530 265 557 um
296 525 459 559 testem
488 519 716 579 deseram,
755 526 1039 588 tibifavebor,
1066 543 1134 591 te,
1163 536 1205 578 in
1243 553 1362 596 uam,

179 571 433 625 ,adiuvabm
462 578 713 636 ostendito,
741 582 844 625 illos
864 600 967 628 cum
991 590 1192 634 Sertorio
1234 594 1362 652 uisse,

184 643 210 669 a
235 628 401 671 Dianio
414 631 639 688 fugientes
659 638 713 678 ari
734 638 934 684 Siciliam
953 659 1045 687 esse
1067 648 1250 692 delatos.
1276 650 1364 694 Ni-

183 684 250 726 hil
271 694 352 741 est,
382 690 504 744 quod
527 697 567 730 te
588 692 744 736 malim
763 697 970 751 probare.
1029 702 1219 747 Nullum
1238 707 1362 751 enim

184 740 388 799 facinus,
439 747 560 801 quod
597 749 768 792 maiore
799 755 1024 810 supplicio
1055 759 1243 816 dignum
1279 764 1359 818 sit,

184 799 396 855 reperiri,
422 817 571 858 neque
589 804 786 860 proferri
806 818 966 865 potest.
1024 815 1258 861 Reducam
1276 820 1360 862 ite-

182 870 289 897 rum
310 858 507 912 equitem
529 859 804 920 Romanum,
833 867 888 907 L.
908 867 1128 929 Flavium,
1159 875 1195 917 si
1214 875 1359 933 voles3

183 911 400 967 quoniam
429 915 582 970 priore
613 918 813 974 actione,
850 931 899 964 ut
929 930 1109 981 patroni
1139 931 1207 972 tui
1229 931 1360 975 dicti-

171 974 305 1024 iant,
335 984 450 1012 nova
470 972 663 1027 quadam
684 977 916 1035 sapientia,
945 990 994 1024 ut
1016 999 1171 1028 omnes
1192 987 1361 1032 intelli-

180 1032 321 1080 gunt,
357 1029 632 1070 conscientia
651 1038 726 1073 tua
741 1065 754 1087 ,
791 1042 922 1090 atque
943 1043 1209 1086 auctoritate
1231 1059 1357 1088 meo-

177 1095 283 1122 rum
306 1083 486 1125 testium
500 1117 512 1136 ,
541 1092 703 1128 testem
723 1090 902 1134 nullum
922 1094 1224 1154 interrogasti.
1279 1101 1356 1144 In-

178 1143 443 1195 terrogetur
458 1140 660 1200 Flavius,
695 1146 732 1186 si
753 1148 896 1204 votes,
935 1152 1119 1206 quinam
1140 1156 1278 1199 fuerit
1294 1158 1351 1201 L.

177 1192 468 1251 Herennius,
513 1197 574 1253 is,
619 1216 753 1257 quem
784 1203 859 1246 ilie
885 1211 1187 1261 argentariam
1211 1213 1353 1270 Lepti

173 1247 334 1292 fecisse
362 1252 495 1309 dicit,
532 1255 609 1311 qui
633 1272 771 1313 quum
799 1262 992 1319 amplius
1019 1274 1203 1310 centum
1233 1269 1351 1313 cives

172 1305 409 1351 Romanos
428 1309 616 1354 haberet
633 1329 690 1354 ex
710 1327 936 1361 conventu
959 1320 1312 1382 Syracusarum,
1326 1333 1348 1360 1

174 1363 252 1418 qui
279 1378 385 1406 eum
414 1381 508 1409 non
536 1368 683 1412 solum
717 1385 1066 1432 cognoscerent,
1102 1380 1180 1422 sed
1211 1383 1349 1426 etiam

169 1418 478 1477 lacrymantes
515 1440 564 1466 ac
605 1434 647 1468 te
693 1427 987 1484 implorantes
1034 1435 1348 1483 defenderent:

170 1482 325 1517 tamen
345 1492 368 1517 a
390 1487 432 1518 te
447 1512 459 1533 ,
496 1480 850 1537 inspectantibus
870 1489 1081 1532 omnibus
1102 1493 1349 1549 Syracusa-

170 1530 266 1586 nis,
303 1534 448 1575 securi
478 1551 715 1592 percussus
743 1550 821 1584 est.
906 1544 1045 1587 Hunc
1074 1562 1253 1605 quoque
1280 1557 1347 1592 te-

171 1595 287 1629 stem
313 1604 467 1632 meum
497 1593 669 1649 refelli,
706 1604 750 1638 et
778 1597 909 1640 illum
927 1600 1218 1647 Herennium
1241 1606 1346 1648 Ser-

168 1643 401 1741 torianum
427 1648 563 1692 fuisse
591 1651 668 1696 abs
689 1659 734 1696 te
763 1653 1068 1702 demonstrari
1087 1667 1132 1706 et
1155 1661 1344 1720 probari

163 1712 221 1743 vo
244 1715 284 1743 o.

280 1814 387 1858 LX.
419 1817 540 1869 Quid
562 1819 616 1862 de
631 1822 709 1864 illa
727 1825 1025 1870 multitudine
1045 1829 1247 1884 dicemus
1266 1848 1340 1875 eo-

134 1890 137 1891 *
162 1883 297 1926 rum,
337 1874 438 1929 qui,
478 1876 698 1932 capitibus
726 1880 966 1940 involutis,
1012 1885 1060 1927 in
1085 1887 1338 1943 piratarum

161 1927 537 1988 captivorumque
565 1949 758 1979 numero
782 1939 1176 1999 producebantur,
1201 1952 1254 1986 ut
1273 1960 1339 1988 se-

212 2136 249 2176 1)
272 2137 355 2171 Hoc
387 2150 491 2174 recte
520 2144 690 2179 restituit
718 2146 831 2182 Beck.
864 2156 1029 2184 auctore·
1053 2150 1256 2187 Garatono
1286 2165 1337 2188 ex

163 2179 254 2215 edd.
278 2193 373 2222 vett,
409 2187 505 2221 [ἐπ.
543 2196 641 2232 1435.
671 2193 789 2227 Herv.
822 2195 950 2242 IVaug.
983 2205 1052 2232 ecc.
1080 2210 1152 2245 pro
1182 2198 1335 2246 Syracu-

161 2236 350 2270 sanorum,
376 2232 481 2278 quod
503 2233 645 2271 habent
667 2237 804 2277 Lamo.
828 2251 864 2275 et
886 2253 987 2290 seqq.

1423 2141 1431 2201 A—..-
1427 2103 1431 2129 .-
1429 2037 1431 2091 “⁴—
