1416 2480
247 144 391 186 LIBER
416 142 668 191 QUARTUS.
728 143 832 182 CAP.
865 154 918 190 19.
942 152 1000 184 29.
1168 151 1235 192 195

63 241 299 300 quisquam
326 245 532 295 putaret,
568 251 639 291 se,
678 236 797 292 quod
816 235 888 278 isti
918 235 1070 293 paullo
1090 238 1233 295 magis

98 300 291 351 laceret,
313 307 601 348 conservare,
631 300 706 333 aut
725 292 847 334 domi
874 293 1069 336 retinere
1089 309 1230 350 posse.

61 314 223 398 Postea
248 365 378 407 vero,
424 363 561 406 quam
589 347 935 404 intellexerunt,
979 349 1054 390 isti
1078 350 1228 393 virum

61 412 279 472 liutem,
304 420 439 464 quem
463 420 638 448 summe
666 404 897 460 provincia
929 404 1230 463 exspectabat,

65 467 122 520 Q.
149 465 361 516 Arnum,
397 477 493 504 non
519 461 776 503 succedere:
815 467 1067 503 statuerunt
1097 476 1140 504 se
1160 462 1229 504 ni-

63 521 130 563 hil
152 529 240 563 tam
263 518 488 572 clausum,
518 531 662 571 neque
682 522 772 557 tam
796 516 1080 558 reconditum
1100 532 1228 574 posse

62 577 253 631 habere,
299 574 420 631 quod
453 587 544 615 non
580 573 705 613 istius
733 571 969 628 cupiditati
1005 575 1228 630 apertissi-

61 647 189 675 mum
207 629 683 690 promptissimumque
713 635 838 671 esset.

171 744 282 787 XX.
302 744 424 787 Tum
444 743 523 786 iste
535 743 588 787 ab
606 743 753 801 equite
763 741 970 786 Romano
991 742 1226 801 splendido

60 802 328 859 etgraiiosQ
349 801 431 843 Cu.
453 800 643 855 Calidio,
665 800 791 842 cuius
812 799 957 842 filium
976 800 1141 842 sciebat
1159 816 1226 843 se-

58 867 265 901 natorem
284 857 443 915 populi
462 855 657 899 Romani
678 864 720 898 et
744 856 938 897 iudicem
958 871 1066 912 esse,
1089 871 1227 912 equu-

57 913 153 956 leos
192 921 427 970 argenteos
463 912 634 954 nobiles
655 945 667 969 ,
716 911 793 968 qui
821 912 876 963 Q.
910 911 1104 954 Maximi
1130 912 1239 954 fue·'

59 976 222 1026 rant,1
268 967 429 1010 aufert.
496 968 764 1025 Imprudens
793 967 880 1009 hue
912 967 1049 1010 incidi
1109 968 1226 1010 iudi-

61 1041 158 1080 ces,
195 1025 305 1068 emit
323 1026 468 1081 enim,
496 1040 590 1066 non
609 1023 815 1078 abstulit3
853 1024 1022 1066 nollem
1047 999 1224 1067 dixisse.

59 1081 249 1124 lactabit
269 1096 338 1136 se,
369 1089 413 1122 et
433 1082 480 1122 in
499 1080 570 1122 his
588 1079 803 1136 equitabit
823 1079 1031 1136 equuleis,
1063 1080 1226 1136 „Emi3

56 1137 297 1194 pecuniam
314 1137 472 1179 solvi.“
528 1136 691 1192 Credo,
728 1136 864 1177 etiam
880 1135 1056 1177 tabulae
1076 1135 1227 1191 profe-

58 1200 233 1235 rentur.
284 1193 367 1233 Est
392 1192 519 1234 tanti.
577 1191 700 1234 Cedo
720 1190 904 1233 tabulas.
961 1191 1100 1233 Dilue
1119 1207 1224 1234 sane

57 1249 231 1290 crimen
256 1247 343 1290 hoc
361 1247 668 1303 Calidianum,
704 1248 812 1289 dum
840 1261 923 1303 ego
950 1246 1122 1290 ‘tabulas
1148 1249 1226 1290 ad·

61 1305 232 1359 spicere
250 1304 433 1359 possim.
493 1303 805 1346 Veruntamen
826 1303 932 1361 quid
952 1310 1074 1359 erat,
1105 1304 1226 1361 quod

58 1360 258 1405 Calidius
277 1360 447 1402 Romae
466 1368 754 1416 quereretur,
792 1375 862 1415 se,
893 1373 1033 1415 quum
1054 1368 1122 1402 tot
1147 1376 1225 1403 an-

57 1431 141 1458 nos
177 1416 226 1458 in
256 1415 408 1459 Sicilia
446 1416 785 1472 negotiaretur,
831 1416 907 1457 abs
953 1423 994 1457 te
1030 1415 1126 1458 solo
1164 1417 1227 1459 ita

59 1487 153 1514 esse
195 1479 532 1528 contemptum,
573 1470 633 1513 ita
676 1472 960 1528 despectum,
1004 1479 1057 1514 ut
1089 1471 1227 1521 etiam

55 1543 148 1570 una
185 1543 290 1570 cum
325 1528 485 1570 ceteris
524 1527 685 1569 Siculis
729 1522 1118 1585 dispoliaretur?²
1177 1529 1226 1571 Si

57 1598 255 1640 emeras,
293 1583 402 1640 quid
429 1591 549 1639 erat,
587 1583 708 1639 quod
728 1583 1048 1640 confirmabat,
1083 1599 1128 1627 se
1149 1583 1226 1626 abs

58 1647 103 1681 te
131 1648 370 1696 argentum
398 1655 491 1682 esse
519 1640 845 1697 repetiturum,
887 1640 924 1682 si
946 1640 1028 1682 tibi
1052 1655 1129 1682 sua
1149 1654 1226 1683 vo·

57 1693 232 1739 luntate
270 1690 568 1738 vendiderat?
613 1703 663 1736 tu
699 1711 838 1752 porro
865 1709 1017 1752 posses
1051 1696 1224 1752 facere,

59 1760 112 1793 ut
131 1752 212 1793 Cn.
235 1751 406 1793 Calidio
426 1766 520 1793 non
532 1746 776 1794 redderes?
802 1751 1067 1808 praesertim
1087 1766 1227 1807 quum

58 1807 97 1849 is
116 1807 171 1848 L.
202 1807 413 1862 Sisenna,
451 1806 686 1849 defensore
714 1815 819 1863 tuo,
873 1815 965 1850 tam
994 1805 1228 1850 familiari-

59 1870 132 1905 ter
158 1871 362 1905 uteretur
378 1894 391 1917 ,
426 1871 471 1904 et
493 1878 632 1919 quum
662 1864 820 1904 ceteris
841 1862 1140 1905 familiaribus
1159 1863 1228 1904 Si-

58 1914 556 1964 sennae‚reddidisses?
597 1918 805 1975 Denique
835 1933 930 1961 non
958 1918 1121 1975 opinor
1149 1933 1228 1962 ne·-

110 2088 149 2136 ι)
178 2089 312 2138 quique
334 2089 483 2125 maximi
518 2088 662 2126 fuerant
690 2088 776 2124 cod.
802 2089 892 2137 Reg.
919 2090 1063 2126 Graev.
1098 2087 1230 2136 Gaeff.

63 2144 140 2170 cres
158 2135 306 2213 Pluris-r.
354 2136 465 2170 Idem
482 2137 621 2184 legitur
648 2148 710 2182 ap.
733 2137 973 2172 Priscianum
994 2137 1072 2170 111.
1095 2136 1228 2182 p.b'18.

64 2182 234 2269 Ρηαιῖῗςιιε
253 2226 345 2262 Em.
400 2228 443 2263 V
439 2228 525 2278 algo
547 2227 817 2276 doopoliatetur
844 2226 874 2262 si
902 2223 1072 2262 emeras?
