1416 2480
280 153 421 191 unm
445 151 684 200 QUmTUS.
709 152 812 188 CAP.
838 159 895 195 3¹·
1103 160 1170 196 3¹9

13 250 241 291 neminem
265 246 425 298 fuisse„
485 246 839 302 Nonnumquam
870 245 1164 298 etiamliber-

10 313 82 346 tus
101 303 411 346 Timarchides
430 301 745 357 adhibebatur,
783 302 992 343 mulieres
1012 310 1162 346 autem

14 367 182 418 nuptae
202 352 394 413 nobiles,
429 366 607 414 praeter
629 373 763 399 unam
781 358 905 399 mimi
925 358 1085 400 Isidori
1111 360 1163 400 fi-

12 415 144 470 liam,
179 429 310 472 quam
342 414 447 469 iste,
483 422 669 470 propter
697 427 921 470 amorem,
961 415 1015 455 ab
1037 414 1163 458 Rho-

13 471 88 514 dio
110 470 565 525 tibicinenbfluxerat.
595 469 706 511 Erat
721 475 738 497 ¹
768 469 909 526 Pippa
929 473 1162 528 quaedam,

15 542 134 570 uxor
159 526 445 575 Aeschrionis
463 526 752 580 Syracusani:
789 525 842 566 de
871 541 954 581 qun
975 528 1164 570 muliere

14 582 397 641 plurimi‘vei·sus,
436 582 512 638 qui
540 580 583 622 in
602 581 724 622 istius
753 582 1040 636 cupiditatem
1060 583 1169 627 facti

15 646 143 693 sunt,
178 646 270 681 tota
289 638 438 679 Sicilia
457 636 833 693 percelebrantur.
890 638 1000 679 Erat
1021 647 1063 681 et
1086 639 1168 681 Ni-

19 710 94 750 ce,
125 693 238 737 faeie
266 694 454 746 eximia,
492 701 539 734 nt
563 693 862 748 praedicatur,
895 707 1012 735 uxor
1033 694 1165 736 Cleo-

17 750 159 793 menis
180 750 461 806 Syracusani.
517 747 647 789 Hanc
676 748 936 790 Cleomenes
956 749 1023 792 vir
1050 757 1188 792 ama-'

19 805 119 861 bat3
155 813 449 848 veruntamen
473 804 604 846 huius
631 803 805 845 libidini
834 805 1056 847 adversari
1083 821 1168 848 nec

55 870 221 915 oterat,
255 876 336 902 nec
365 860 578 915 andebat3
613 867 656 900 et
679 859 812 900 simul
841 859 895 901 ab
926 860 1010 903 isto
1040 862 1170 905 don‘is

55 916 333 972 eneficiisque
359 916 566 973 plurimis
587 915 929 957 devinciebatur.
987 916 1070 958 Illo
1092 932 1170 960 au-

22 982 117 1015 tem
142 981 346 1030 tempore
371 973 476 1027 iste,
513 971 687 1013 tametsi
712 986 762 1012 ea
790 980 853 1013 est
870 972 1063 1015 hominis
1085 974 1170 1015 im-

25 1029 262 1087 pudentia,
291 1043 424 1084 quam
441 1028 602 1080 nostis,
629 1027 721 1082 ipse
741 1035 915 1083 tamen,
942 1043 1082 1085 quum
1102 1031 1172 1086 vir

29 1093 142 1128 esset
171 1083 426 1142 Syracusis,
471 1098 661 1125 uxorem
688 1083 780 1124 eius
809 1099 968 1139 parum
995 1092 1175 1140 peierat

27 1140 178 1183 animo
204 1140 350 1183 soluto
378 1155 428 1180 ac
454 1139 596 1181 libero
623 1146 688 1180 tot
716 1139 762 1180 in
790 1148 896 1182 acta,
915 1140 1006 1183 dies
1025 1155 1176 1186 secum

28 1195 208 1241 habere.
232 1196 384 1251 Itaque
405 1195 628 1250 excogitat
646 1210 741 1236 reni
761 1195 1042 1251 singularem.
1082 1197 1177 1240 Na-

28 1267 128 1308 ves,
155 1251 313 1309 quibus
340 1250 507 1307 legatus
528 1250 803 1307 praefuerat,
832 1251 1064 1295 Cleomeni
1089 1261 1179 1296 tra-

32 1307 120 1362 dit3
156 1307 283 1349 classi
301 1307 457 1363 populi
478 1307 667 1348 Romani
687 1307 971 1350 Cleomenem
988 1309 1181 1365 Syracu-

32 1378 188 1406 sanum
205 1378 408 1420 praeesse
426 1363 572 1417 iubet,
601 1371 730 1418 atque
752 1364 1020 1420 imperare.2
1079 1365 1180 1409 Hoc

35 1434 86 1461 eo
104 1419 225 1475 facit,
253 1427 302 1460 ut
321 1417 395 1460 ille
415 1434 506 1459 non
523 1419 665 1459 solnm
687 1418 853 1461 abesset
870 1435 894 1460 a
916 1420 1048 1463 domo
1066 1431 1178 1479 tum,

36 1489 174 1532 quum
199 1475 449 1531 navigaret:
486 1474 562 1515 sed
590 1475 723 1516 etiam
748 1473 940 1517 libenter
966 1492 1069 1519 cum
1087 1492 1182 1522 ma-

35 1546 126 1588 gno
154 1530 324 1573 honore
351 1529 652 1587 beneficioque
678 1529 868 1582 abessen,
897 1531 990 1588 ipse
1016 1541 1182 1591 autem,

35 1582 211 1628 remoto
232 1595 361 1642 atque
381 1584 582 1642 ablegato
602 1586 712 1641 viro,
732 1601 823 1627 non
837 1586 1031 1644 liberius,
1051 1605 1185 1645 quam

40 1650 166 1696 ante,
192 1639 306 1700 (quis
333 1641 453 1682 enim
480 1657 690 1697 umquam
718 1643 839 1683 istius
858 1643 1030 1686 libidini
1051 1645 1185 1688 obsti-

39 1691 157 1756 tit'?)
195 1696 272 1737 sed
298 1696 447 1752 paullo
475 1697 685 1738 solutiore
702 1705 851 1738 tamen
870 1699 1018 1740 animo
1036 1715 1186 1744 secum

39 1751 392 1805 illam'haberet,
418 1751 453 1792 si
472 1766 563 1792 non
584 1760 807 1808 tamquam
824 1752 987 1809 virum,
1010 1763 1055 1797 at
1076 1764 1187 1799 tam-

42 1822 177 1864 quam
205 1807 429 1848 aemulum
467 1808 734 1849 removisset.
824 1808 1003 1866 Accipit
1029 1826 1188 1855 navem

42 1863 267 1905 sociorum
293 1870 422 1918 atque
451 1862 695 1905 amicorum
722 1863 982 1908 Cleomenes
1000 1867 1192 1925 Syracu-

43 1933 188 1963 sanus.

97 2046 139 2085 ι)
161 2043 440 2091 Inseruit-Erat,
477 2055 512 2079 ec
534 2047 632 2092 ‘post
663 2044 860 2082 abduxerat
885 2049 996 2093 plene
1026 2049 1195 2091 distinxi.

57 2089 178 2134 Vulgo
213 2089 433 2129 abduxerat,
477 2090 591 2138 Pippa
616 2091 813 2139 quaedam,
857 2094 900 2127 in
936 2107 1006 2141 quo
1043 2097 1195 2131 laborat

48 2136 275 2169 ‘constructio
306 2137 522 2170 verborum.

52 2184 130 2222 02)
150 2181 215 2214 Ita
245 2182 387 2216 Graev.
417 2179 452 2216 ek
472 2183 567 2216 Em.
597 2197 617 2215 e
647 2184 744 2218 Mes.
788 2183 841 2220 Ec
868 2186 948 2220 iam
963 2187 1198 2232 probamur-'ac

54 2225 270 2261 Lumbin‘us.
323 2227 446 2275 Vulgo
475 2230 565 2264 olim
586 2229 753 2276 imperat,
991 2245 994 2251 ·
