1420 2491
163 161 228 200 372
457 153 515 188 IN
537 152 650 186 ΛΒΤ.
677 153 707 186 1.
741 152 797 186 IN
823 150 1030 185 VERREM

278 255 320 286 et
336 244 401 287 M.
427 245 624 289 Metello
650 245 920 302 obtigisset,
960 256 1023 297 utx
1040 245 1082 286 is
1101 243 1161 286 de
1181 259 1329 303 pecu-

171 304 265 343 niis
285 301 574 358 repetundis]
597 304 751 344 Metelli
769 306 1043 352 tresfuerunt
1059 305 1199 354 frates,
1222 318 1329 344 unus

171 362 244 413 qui
271 375 369 413 prae
403 377 422 397 :e
459 376 479 394 >e
514 375 535 395 ιε

596 432 617 452 *k
652 431 672 451 ἦ(
707 431 728 452 ‘k
762 432 782 452 -Υ
816 433 836 451 ’κ
871 433 891 452 ἦ(

287 530 381 583 Cap.
409 531 478 569 IX.
546 539 598 569 uc
638 525 766 583 apud
803 525 864 568 M
895 525 1143 578 Metellum
1181 541 1331 569 causa

175 582 432 638 diceretur]
461 588 598 626 Prima
628 586 827 626 consessio
855 585 1010 624 Verris.
1065 586 1331 625 Innocentem

170 643 354 682 iudicum
386 644 503 695 sugit.
1041 663 1047 669 ·
1116 642 1127 678 Ἀ

287 694 352 737 Μ.
375 695 639 750 ΙἈειεΖΙιινη]
671 699 748 737 Hic
778 698 966 737 Metellus
995 706 1076 748 est,
1113 699 1186 752 qui
1210 713 1334 752 prae-

171 763 286 794 sente
316 755 432 793 Sulla
458 762 499 793 et
524 755 716 793 audiente
745 755 794 792 de
820 756 1148 808 proscriptorum
1166 756 1335 804 ardore,

173 819 214 850 et
231 813 322 851 labe
341 818 575 863 temporum
595 811 703 849 d‘nzit
714 842 723 860 7
753 818 793 848 et
819 811 911 848 idco
931 812 1080 849 stultus
1099 812 1335 863 putabatur.

152 862 234 906 'De
252 868 375 906 liuius
397 869 555 906 familia
574 882 714 907 omnes
739 867 924 905 consules
943 868 1043 906 sacti
1062 874 1171 905 sunt.
1215 866 1293 905 Hic
1313 881 1338 905 a

172 924 265 962 Kal.
286 923 487 963 Ianuariis
508 925 557 963 de
580 925 767 978 pecuniis
785 924 1025 979 repetundis
1054 924 1192 963 suerat
1210 937 1338 976 quae-

175 980 344 1020 siturus.

292 1033 427 1076 dedic
446 1036 572 1077 enim
590 1033 998 1092 praerogativam]
1029 1037 1092 1075 Ne
1118 1050 1339 1088 quaerere-

175 1101 244 1133 tur
264 1110 288 1133 a
307 1094 467 1141 Tullio,
496 1095 606 1133 unde
629 1095 706 1132 hoc
727 1097 864 1141 sciret,
891 1093 986 1131 ideo
1004 1094 1084 1132 hoc
1104 1093 1226 1132 dicit:
1255 1090 1341 1132 de·-

177 1147 251 1188 dic
273 1149 399 1188 enim
416 1150 823 1206 praerogativam.
871 1149 964 1188 Duo
981 1163 1128 1202 genera
1148 1158 1244 1188 sunt
1262 1165 1338 1202 po-

176 1207 286 1257 puli,
321 1207 716 1260 praerogativum
736 1206 937 1256 primum,
976 1206 1124 1244 deinde
1150 1206 1242 1244 iure
1261 1220 1341 1243 vo-

178 1270 326 1300 catum.
385 1262 523 1300 Prima
541 1276 635 1314 pars
654 1261 933 1313 praerogativi
962 1262 1121 1314 generis
1143 1262 1340 1314 quicquid

179 1320 389 1363 sensisset,
429 1319 520 1356 iure
548 1325 668 1355 voeta
696 1318 896 1356 firmabat.
962 1318 1068 1370 Ergo
1096 1319 1130 1355 si
1153 1319 1242 1370 quis
1263 1318 1340 1355 lio-

179 1388 301 1412 nores
346 1381 486 1426 petere
531 1374 750 1422 voluisset,
796 1375 1124 1426 praerogativam
1170 1375 1339 1412 classem

180 1432 480 1482 corrumpebat.
538 1430 702 1468 Dicitur
722 1431 1007 1482 praerogativa
1024 1437 1065 1468 et
1084 1431 1246 1483 signum
1263 1444 1341 1469 vo-

177 1486 349 1525 luntatis
378 1488 554 1525 suturae.
612 1486 718 1538 Ergo
749 1486 823 1524 hic'
847 1500 989 1524 sensus
1017 1493 1097 1525 est:
1144 1485 1342 1538 quemad-

179 1543 347 1581 modum
385 1544 548 1594 quando
577 1542 763 1580 Metellus
801 1542 978 1580 honores
1011 1544 1160 1595 petivit
1185 1542 1343 1590 Verris,

179 1600 505 1651 praerogativam
536 1600 743 1651 corrupit,
782 1600 839 1636 sic
868 1599 989 1636 modo
1010 1599 1200 1637 Metellus
1221 1600 1343 1637 abso—

178 1655 382 1693 lationem
409 1656 531 1693 Verri
567 1669 642 1707 pro
680 1656 753 1693 illo
791 1656 884 1692 vult
920 1655 1092 1694 reddere
1129 1654 1342 1694 beneficio.

181 1710 232 1749 Et
251 1711 330 1749 hoc
354 1712 470 1762 quasi
497 1718 699 1750 secretum
726 1725 769 1762 p]
781 1711 868 1749 odit
887 1711 1041 1749 Cicero.

295 1767 492 1805 arcessit
521 1766 643 1805 alter
665 1764 850 1817 consul]
902 1767 1032 1805 Siculi
1058 1768 1194 1806 minae
1205 1767 1343 1806 'secuti

182 1830 277 1863 sunt
300 1824 502 1873 consulis,
538 1837 624 1864 non
644 1824 904 1865 voluntatem
923 1825 1122 1864 vocantis.

297 1936 392 1989 Cap.
412 1938 463 1975 X.
522 1932 639 1990 quid
669 1944 737 1975 esc
766 1948 939 1990 quaeso
960 1931 1171 1988 Metelle]
1221 1934 1346 1973 Inve-

181 1994 263 2030 ctio
305 1994 357 2030 ad
387 1994 599 2033 Metellum
633 1993 841 2031 consulem
880 1993 1148 2046 designatum.
1232 1991 1347 2029 Dicit

179 2046 259 2085 hoc
289 2063 373 2087 esse
399 2050 604 2088 iudicium
637 2063 900 2101 corrumpere
938 2050 974 2086 si
1010 2055 1265 2087 accusatores
1294 2048 1345 2085 ab

179 2103 414 2143 intentione.
447 2108 667 2144 revocaris.

294 2158 490 2199 timidos
519 2159 737 2200 homines
771 2170 815 2200 ec
848 2156 1071 2214 qffliccos]
1117 2158 1346 2214 duplicavit

182 2215 398 2266 timorem,
427 2232 557 2270 quum
574 2219 683 2257 dixit
703 2232 865 2257 causam
896 2218 1073 2257 timoris.
1306 2215 1309 2217 ’
