1420 2491
118 186 143 226 6
211 189 270 226 lN
290 187 499 225 VERREM
523 186 636 223 ACT.
663 190 691 223 1⁶
729 184 957 221 PROOEM.
983 183 1210 220 SUMMAR.

136 293 178 327 et
205 294 254 325 ut
278 300 344 326 res
371 287 432 326 ita
461 286 658 333 ducatur,
698 290 746 322 ut
767 297 876 322 anno
900 281 1093 335 proximo
1123 280 1235 333 apud
1252 279 1307 320 Μ.

138 343 351 385 Metellum
379 341 717 395 praetorcmlsibi
744 340 952 378 faventem
992 351 1113 375 causa
1143 337 1309 376 dicatur

140 415 173 439 c.
196 400 283 438 6-
302 414 363 438 1ο.
439 399 516 437 Cui
544 398 700 436 rationi
727 397 824 433 satis
854 400 1012 432 astutae
1034 400 1083 431 ut
1100 398 1308 441 occurrat,

138 456 361 498 Hortensio
389 456 608 495 denuntiat
634 467 676 491 se
705 453 922 490 consilium
947 451 1101 502 cepisse
1120 461 1310 488 necessa-

138 514 272 561 rium,
315 518 363 550 ut
391 518 632 566 perpetuam
671 509 901 546 orationem
941 508 984 544 in
1014 507 1095 544 alia
1121 512 1311 557 tempora

140 575 345 617 reservet,
381 582 494 608 nunc
523 573 660 605 autem
692 565 864 603 Verrem
893 563 1067 610 tabulis,
1112 561 1310 609 testibus,

140 626 316 678 privatis
333 625 590 678 publicisque
611 621 744 661 literis
765 619 1161 669 auctoritatibusque
1185 629 1312 655 accu-

143 687 215 719 set.
273 681 485 720 Hortensii
509 680 713 718 rationem
734 690 840 724 esse,
866 681 916 713 ut
934 675 1162 712 secundum
1188 667 1311 714 mos

143 738 262 777 ludos
283 739 360 776 sibi
379 736 629 790 respondere
648 733 834 784 incipiat,
863 745 992 779 suam,
1010 737 1058 769 ut
1079 743 1196 771 reum
1213 735 1312 767 ante

144 795 300 846 primos
331 795 450 832 ludos
479 790 839 844 comperendinet,
876 787 916 826 h.
937 801 971 825 e.
1002 800 1096 825 eum
1126 787 1167 824 in
1200 785 1312 824 diem

143 850 417 901 perendinum
445 849 583 888 adesse
612 848 772 893 iubeat,
810 845 863 882 ad
891 857 1053 882 eausam
1075 843 1226 881 iterum
1245 840 1312 880 di-

147 906 317 944 cendam
347 921 379 944 c.
405 920 466 944 11.
554 903 736 942 Omnino
769 908 904 938 autem
935 900 1014 937 sibi
1051 899 1314 951 propositum

145 974 254 1009 esse,
298 976 407 1000 anno
435 961 649 1014 proximo,
699 971 780 1008 quo
812 956 956 993 aedilis
996 956 1163 993 futurus
1203 959 1314 1001 erat,

145 1018 196 1056 iis
224 1018 462 1057 hominibus
493 1016 705 1060 resiste-ro,
752 1025 928 1064 quorum
965 1010 1233 1062 improbitate
1272 1013 1316 1047 et

148 1075 318 1113 audacia
344 1073 574 1113 senatorius
603 1072 704 1109 ordo
725 1074 939 1120 prematur
969 1073 1011 1105 et
1029 1072 1226 1118 urgeatur
1245 1063 1315 1103 in·-

147 1130 273 1169 samia
302 1130 554 1168 iudiciorum
583 1141 615 1164 c.
651 1140 711 1165 12.
741 1126 803 1162 13.
888 1123 1069 1161 Tantum
1100 1123 1238 1160 abesse
1270 1124 1317 1158 ut'

149 1186 192 1224 in
216 1186 296 1225 hoc
314 1187 404 1238 ipso
416 1184 571 1223 iudicio
587 1181 745 1233 aliquid
765 1179 969 1218 committi
988 1178 1183 1230 patiatur,
1203 1175 1317 1227 quod

148 1243 298 1282 malam
317 1242 534 1281 hominum
556 1237 904 1277 existimationem
925 1235 974 1273 de
989 1239 1228 1272 senatorum
1247 1232 1317 1270 iu-

148 1298 290 1349 diciis,
315 1297 559 1351 praesertim
588 1296 659 1333 ubi
681 1294 730 1332 de
749 1292 936 1344 pecuniis
957 1288 1197 1341 repetundis
1219 1302 1317 1340 aga-

148 1360 238 1403 tur,
277 1354 524 1395 confirmare
551 1352 682 1404 possit
708 1365 740 1388 c.
768 1352 828 1388 14.
914 1347 1127 1385 Postremo
1155 1344 1316 1382 iudices

151 1410 203 1449 ad
243 1412 504 1450 severitatem
542 1407 716 1454 excitat,
761 1407 805 1444 in
834 1404 978 1457 primis
1009 1407 1242 1454 praetorem
1261 1399 1316 1438 Μ’

150 1468 329 1506 Acilium
349 1466 616 1505 Glabrionem
634 1469 772 1514 rogat,
799 1468 848 1500 ut
873 1461 917 1497 in
941 1459 1021 1498 hoc
1042 1457 1196 1496 iudicio
1215 1469 1317 1495 cau-

151 1537 237 1561 sam
254 1523 498 1569 severitatis,
524 1519 787 1571 integritatis,
816 1516 925 1563 fidei,
954 1515 1186 1566 religionis,
1217 1525 1318 1551 cau-
1347 1523 1355 1545 J»

152 1592 238 1617 sam
268 1580 446 1629 denique
469 1583 633 1615 senatus
667 1575 865 1626 suscipiat
887 1586 918 1609 c.
945 1573 1070 1610 15--1
1082 1584 1116 1620 7.
1140 1571 1317 1608 iterum-

153 1649 231 1685 que
261 1635 481 1675 denuntiat
507 1647 548 1671 se.
578 1634 711 1684 prima
739 1631 900 1668 actione
920 1629 999 1666 hoc
1022 1633 1233 1672 actm-um,
1269 1630 1320 1677 1111

154 1693 303 1731 omissa
322 1697 523 1744 perpetua
551 1689 750 1735 oratione,
779 1686 962 1724 breviter
993 1682 1211 1735 explicatis
1234 1680 1319 1718 cri-

157 1749 356 1795 minibus,
385 1746 548 1798 singula
567 1746 704 1782 statim
724 1740 1037 1793 interrogando,
1062 1737 1319 1790 argumentis

156 1811 276 1855 atque
305 1803 496 1842 oratioue
529 1801 686 1848 firmet,
717 1799 769 1839 ad
788 1812 915 1850 eaque
935 1803 1056 1837 testes
1087 1807 1320 1834 accommo-

153 1861 233 1898 det.
273 1875 306 1898 c.
340 1862 401 1899 18.
