1431 2475
278 149 424 186 me-:R
459 149 741 185 SECUNDUS.
798 151 902 186 civ.
931 163 966 185 2.
991 159 1027 193 3,
1183 156 1250 194 ¹55

59 245 141 289 illo
170 243 399 288 maiorum
426 250 579 286 vetere
609 258 659 285 ac
688 243 860 286 referto
890 244 1039 287 fuisse.
1122 245 1248 290 Nam

61 302 158 348 sine
185 301 279 344 ullo
309 308 494 357 sumptu
523 309 704 355 nostro,
736 301 894 356 coriis,
934 302 1121 357 tunicis,
1149 301 1247 346 sru-

61 366 306 419 mentoque
327 357 617 415 suppeditato
633 389 645 412 ,
676 358 900 400 maximos
922 359 1148 401 exercitus
1166 375 1250 403 no-

63 423 181 458 stros
209 414 409 470 vestivit,
449 413 587 469 aluit,
618 415 824 457 armavit.

179 526 262 572 III.
289 522 447 583 Quid?
477 527 570 583 illa,
602 543 715 584 quae
738 527 930 569 forsitan
952 543 1009 573 ne
1029 530 1250 575 sentimus

67 585 277 650 quidem,
325 585 530 639 iudices,
577 594 744 641 quanta
775 580 926 625 suni?
974 587 1095 641 quod
1133 589 1254 630 mul-

66 649 154 684 us!
192 639 570 698 locupletioribus
601 641 772 682 civibus
791 641 989 695 utimur,
1031 643 1151 699 quod
1170 644 1251 686 ha-

66 697 177 749 bqnt
215 698 555 756 propinquam,
602 697 817 753 fidelem,
881 697 1252 756 fructuosamque

67 754 379 812 provinciam,
416 769 506 812 quo
535 754 666 797 facile
696 762 968 807 excurrunt,
1002 754 1080 797 ubi
1108 756 1254 799 liben-

69 818 141 853 ter
169 811 402 867 negotium
428 809 614 867 gerant:
657 826 767 867 quos
788 811 864 851 illa
893 811 1063 867 partim
1091 814 1257 856 merci-

70 867 154 909 'bus
183 867 522 923 suppeditandis
543 883 648 909 cum
677 875 863 923 quaestu
894 869 1256 926 compendioque

72 923 286 977 dimittit,
324 924 494 979 partim
513 924 703 975 retinet,
734 930 777 962 ut
802 938 955 978 arare,
985 931 1035 964 ut
1055 939 1256 983 pascere,

72 987 125 1020 ut
153 980 379 1035 negotiari
405 980 567 1034 libeat,
606 987 655 1020 ut
677 979 868 1035 denique
887 980 1011 1020 sedes
1040 995 1090 1021 ac
1111 981 1257 1025 domi-

75 1035 233 1078 cilium
262 1035 502 1080 collocare.
562 1035 697 1087 Quod
726 1036 1021 1076 commodum
1050 1052 1143 1080 non
1162 1053 1258 1081 me·-

75 1092 230 1134 diocre
257 1092 418 1149 populi
451 1092 648 1134 Romani
686 1100 774 1145 cst3
822 1099 1002 1132 tantum
1043 1093 1211 1138 civium
1237 1100 1257 1123 ²

74 1162 348 1203 numerum,
398 1156 490 1191 tam
527 1163 673 1205 prope
705 1147 760 1188 ab
797 1148 957 1202 domo,
1001 1156 1095 1191 tam
1126 1149 1258 1195 bonis

75 1203 410 1260 fructuosisque
448 1205 582 1247 rebus
633 1203 840 1246 detineri.
935 1204 995 1245 Et
1043 1207 1261 1263 quoniam

77 1260 204 1317 quasi
233 1262 454 1317 quaedam
488 1261 676 1318 praedia
706 1260 865 1318 populi
895 1260 1095 1303 Romani
1133 1273 1263 1322 sunt,

78 1317 319 1374 vectigalia
347 1326 503 1360 nostra
540 1326 671 1374 atque
714 1318 996 1373 provinciae:
1046 1322 1263 1374 quemad-

78 1373 270 1417 modum
298 1375 566 1432 propinquis
594 1390 672 1416 vos
701 1375 859 1416 vestris
890 1375 1083 1429 praediis
1113 1379 1262 1420 maxi-

82 1445 157 1473 me
189 1430 501 1485 delectamini,
539 1431 601 1472 sic
630 1431 799 1488 populo
822 1431 1032 1472 Romano
1064 1432 1263 1478 iucunda

83 1485 401 1529 suburbanitas
419 1496 484 1529 est
499 1487 685 1530 huiusce
707 1487 980 1545 provinciae.
1039 1488 1136 1529 Iam
1155 1505 1264 1534 vero

83 1541 325 1585 hominum
349 1545 577 1599 ipsorum,
610 1544 802 1599 iudices,
835 1559 885 1585 ea
905 1543 1144 1601 patientia,
1173 1546 1265 1588 vir-

85 1607 182 1654 tus,
218 1599 541 1657 frugalitasque
561 1609 649 1656 est,
682 1609 731 1642 ut
750 1599 961 1658 proxime
984 1601 1038 1641 ad,
1060 1610 1266 1656 nostram

87 1656 376 1713 disciplinam
394 1657 520 1699 illam
538 1665 755 1710 veterem,
786 1673 880 1699 non
900 1656 953 1697 ad
979 1656 1121 1713 hanc,
1151 1674 1266 1714 quae

87 1726 210 1755 nunc
244 1712 516 1769 increbruit,
553 1715 793 1757 videantur
822 1713 1048 1756 accedere.
1134 1715 1271 1760 Nihil

88 1778 349 1811 ceterorum
376 1770 519 1812 simile
552 1771 861 1825 Graecorum3
909 1770 1036 1811 nulla
1075 1770 1271 1830 desidia,

89 1825 215 1868 nulla
245 1827 465 1880 luxuria3
531 1835 689 1868 contra
719 1842 922 1874 summus
953 1825 1086 1868 labor
1109 1828 1161 1870 in·
1185 1842 1271 1885 pu-

90 1881 220 1925 blicis
248 1883 524 1943 privatisque
549 1883 710 1940 rebus,
764 1898 941 1925 summa
968 1883 1273 1943 parsimonia,

146 2050 181 2088 ι)
210 2047 388 2081 Lamhtn.
417 2061 437 2082 e
456 2048 608 2083 N'annii
631 2050 852 2080 coniectura
881 2043 993 2077 dedic
1013 2044 1144 2079 multo.
1197 2044 1276 2082 Sed

97 2090 221 2126 multi·
249 2107 383 2128 verum
406 2104 481 2133 est,
524 2099 614 2141 quia
643 2091 786 2126 deinde
814 2096 982 2138 sequitur
1015 2101 1157 2126 tantum
1189 2093 1278 2127 civi-

97 2148 161 2171 um
183 2137 448 2174 Romanorum.

146 2187 184 2224 2)
216 2185 338 2232 Vulgo
363 2186 526 2221 addztur
550 2186 828 2225 Romanorum,
873 2183 976 2232 quod
1003 2186 1142 2220 melta,
1165 2186 1277 2222 abest

104 2227 190 2263 cod.
215 2230 395 2267 Lambini
415 2243 451 2268 ee
473 2232 624 2273 Metell-
