1416 2480
309 124 452 162 LIBER
473 123 704 160 TERTIUS.
731 124 836 159 CAP.
865 135 919 166 ιι,
948 135 1004 166 12,
1197 132 1242 169 33

66 219 291 275 iudicem,
336 233 419 261 nec
455 226 826 274 recuperatorem
855 217 990 260 dedit.
1053 217 1234 276 Iniquos

65 274 324 319 decumanis
352 289 444 317 esse
474 273 622 317 aiebat
648 289 828 330 omnes,
865 275 940 330 qui
970 273 1108 316 isslam
1139 275 1236 331 agri

66 331 247 389 glebam
273 331 567 388 possiderent.
639 330 924 374 veniendum
952 339 1048 373 erat
1073 333 1130 373 ad
1158 346 1234 373 eos

65 396 223 430 eontra
231 387 505 445 Apronium,
529 388 603 443 qui
614 387 817 429 nondum
836 388 970 429 etiam
980 387 1237 445 Aproniani

65 443 257 487 convivii
283 444 514 500 crapulam
533 443 829 486 exhalassent.
885 442 928 486 O
947 444 1231 501 praeclarum

66 508 113 542 et
165 500 613 543 commemorandum
659 495 899 542 iudicium!
957 515 982 542 0
1026 515 1233 542 severum

61 552 285 599 edictum!
323 571 351 598 o
374 563 524 598 tutum
552 555 815 613 perfugium
843 551 1097 599 aratorum!

177 669 284 713 XII.
333 670 500 726 Atque,
525 677 575 712 ut
585 668 857 727 intelligatis,
879 669 1129 712 cuiusmodi
1149 669 1233 712 ista

61 726 230 773 iudicia
247 727 295 768 in
315 726 572 783 octuplum,
600 725 849 767 cuiusmodi
867 726 994 768 istius
1005 725 1059 767 de
1071 725 1233 768 cohor-

60 792 107 826 te
134 791 474 841 recuperatores
497 781 740 824 existimati
762 781 871 824 sint:
910 782 972 824 sic
1002 781 1230 824 attendite.

60 840 265 897 Ecquem
286 839 450 896 putatis
470 838 792 893 decumanum,
830 837 913 880 hac
931 838 1113 894 licentia
1130 854 1233 895 per-

60 896 219 948 missa,
258 904 310 937 ut
336 902 512 937 tantum
533 894 587 936 ab
617 903 816 950 aratore,
855 902 1073 950 quantum
1092 909 1233 951 popo-

61 951 216 994 scisset
258 951 470 1005 auferret,
499 951 615 1007 plus,
636 965 769 1006 quam
798 949 1062 1006 deberetur,
1088 965 1230 1007 popo-

59 982 230 1050 scisse?
256 1006 547 1049 Considerate
567 1021 668 1047 cum
680 1007 834 1048 vestris
855 1007 1015 1048 animis
1037 1015 1232 1049 vosmet-

59 1064 171 1121 ipsi,
204 1078 391 1120 ecquem
410 1063 600 1119 putetis,
641 1062 903 1119 praesertim
924 1062 1117 1118 quumid
1137 1079 1230 1106 non

60 1120 211 1162 solum
237 1119 446 1173 avaritia,
482 1119 558 1160 sed
586 1118 720 1160 etiam
743 1119 1045 1173 imprudentia
1068 1125 1086 1146 1
1118 1120 1235 1162 aeci-

60 1175 168 1217 dere
205 1175 419 1232 potuerit.
492 1174 666 1215 Multos
701 1189 878 1215 necesse
910 1182 988 1215 est.
1055 1175 1117 1216 At
1147 1191 1231 1232 ego

61 1246 219 1274 omnes
232 1231 331 1273 dico
341 1230 459 1287 plus,
479 1246 529 1272 ac
550 1231 694 1272 multo
715 1230 829 1285 plus,
852 1245 986 1286 quam
1008 1230 1232 1286 decumas,

61 1287 308 1330 abstulisse.
362 1286 486 1328 Cedo
507 1285 619 1328 mihi
641 1301 781 1327 unum
802 1301 858 1327 ex
880 1286 1076 1329 triennio
1104 1303 1234 1344 prae-

59 1351 190 1385 turae
210 1350 335 1398 tuae,
363 1343 440 1399 qui
461 1342 629 1399 octupli
654 1343 887 1384 damnatus
905 1342 974 1384 sit.
1031 1343 1233 1387 Damna-

62 1393 170 1442 tus?
199 1399 339 1442 immo
360 1413 491 1454 vero,
525 1400 568 1440 iu
587 1413 720 1454 quem
747 1398 966 1440 iudicium
997 1414 1054 1440 ex
1083 1401 1230 1442 edicto

62 1465 142 1497 tuo
169 1456 448 1513 postulatum
473 1456 543 1496 sit.
611 1455 762 1496 Nemo
792 1463 889 1496 erat
907 1455 1114 1497 videlicet
1135 1471 1232 1498 ara-

59 1520 238 1567 torum,
277 1512 351 1568 qui
380 1511 594 1553 iniuriam
621 1511 702 1552 sibi
720 1510 886 1552 factam
913 1511 1039 1567 queri
1058 1521 1229 1568 posset:

60 1582 196 1610 nemo
227 1568 580 1610 decumanorum
645 1567 718 1624 qui
747 1582 890 1623 grano
919 1567 1109 1624 amplius
1128 1570 1228 1625 sibi,

51 1637 196 1681 quam
226 1623 490 1680 deberetur,
528 1600 680 1666 deberi
707 1622 933 1679 professus
953 1632 1080 1666 esset.
1139 1625 1229 1666 Im-

58 1694 137 1722 mo
157 1695 264 1722 vero
283 1688 464 1737 contra,
494 1679 697 1737 rapiebat
714 1687 757 1721 et
784 1680 1064 1737 asportabat,
1092 1696 1231 1737 quan-

59 1744 157 1778 tum
179 1751 202 1777 a
222 1750 397 1792 quoque
415 1736 616 1792 volebat,
644 1736 898 1792 Aproniu33
928 1736 1135 1778 omnibus
1155 1753 1231 1779 au-

59 1800 154 1835 tem
179 1792 288 1834 locis
320 1800 517 1834 aratores
545 1791 723 1848 spoliati
744 1807 793 1833 ae
813 1792 962 1834 vexati
986 1792 1233 1852 querebaq-

60 1856 162 1903 tur3
209 1864 266 1891 ne
298 1863 352 1890 ue
371 1856 523 1891 tamen
550 1847 697 1890 ullum
724 1847 942 1889 iudicium
964 1849 1230 1904 reperietur.

62 1903 187 1967 Quid
205 1862 411 1946 estqhoc?
440 1912 508 1946 tot
529 1904 613 1946 viri
632 1903 794 1958 fortes,
825 1902 1000 1946 honesti
1013 1936 1024 1960 ,
1066 1906 1234 1960 gratio-

62 1975 124 2014 sle,
168 1968 236 2002 tot
267 1960 428 2016 Siculi,
467 1968 535 2002 tot
565 1960 732 2017 equites
754 1960 947 2002 Romani
966 1960 1020 2001 ab
1040 1975 1130 2003 uno
1152 1961 1233 2002 ho-

62 2015 184 2057 mine
212 2016 484 2072 nequissimo
514 2031 564 2058 ac
595 2016 854 2072 turpissimo
877 2016 1009 2072 laesi,
1037 2032 1232 2074 poenam

112 2150 271 2194 1)³Sic-e
289 2155 383 2188 Mu.
404 2135 518 2187 Be'ck.
536 2162 626 2200 post
649 2153 858 2186 Gra-evium
881 2150 1006 2186 edidit
1029 2164 1098 2197 pro
1130 2153 1235 2199 vulg.

62 2211 141 2235 non
163 2198 280 2233 solum
303 2199 381 2233 uiue
405 2199 551 2232 avaritia
571 2198 642 2234 aed,
662 2198 772 2233 etiam
800 2198 878 2232 niue
906 2198 1150 2246 impudentia.

117 2257 196 2293 Cic.
226 2257 321 2304 Opp.
361 2256 465 2301 Tem,
495 2257 544 2300 V,
572 2257 619 2292 P.
645 2255 702 2291 ΙΙ.
1073 2249 1101 2291 3
