1416 2480
224 145 369 183 unm
393 121 643 193 Qum-rus.
699 143 805 180 cAP.
835 150 890 186 ις.
922 142 977 178 ιο.
1120 148 1186 188 mg)

24 247 180 284 manto
215 245 398 282 mortuo
428 253 485 280 ue
517 245 664 292 esset,
728 235 845 278 ludis
874 233 1157 278 Circensibus
1171 244 1190 291 ,'

25 311 157 339 mane
183 295 304 354 apud
327 294 382 337 L.
442 294 664 347 isennam,
712 293 860 335 virum
887 290 1184 350 primarium,

27 367 167 412 quum
185 359 332 395 essent
347 350 544 393 triclinia
563 357 725 405 strata,
763 352 1087 405 argentumque
1108 362 1188 389 exe

60 410 224 450 ositum
258 407 306 450 in
342 405 549 461 aedibus,
595 420 733 462 quum
766 420 851 462 pro
889 405 1104 462 dignitate
1131 404 1188 447 L.

26 424 264 520 gisennae,
301 462 458 506 domus
487 471 598 504 esset
627 462 760 519 plena
787 461 1026 503 hominum
1045 460 1188 502 hone-

29 520 350 575 stissimorum,
379 519 612 562 accesserit
633 518 688 560 ad
706 525 957 573 argentum,
986 524 1188 558 contem-

28 575 148 634 plari
170 576 520 632 unumquodque
550 575 689 616 otiose
716 581 760 615 ct
787 574 1070 615 considerare
1090 587 1192 614 coe-

65 632 163 675 erit.
218 630 384 674 Mirari
407 630 641 673 stultitiam
660 629 758 685 alii,
795 629 914 686 quod
933 630 981 671 in
1009 629 1103 684 ipso
1117 629 1190 671 iuf-

66 688 178 744 'cio,
212 688 306 730 eius
334 688 471 743 ipsius
497 686 774 743 cupidjtatis‚
810 685 935 727 cuius
962 685 1194 727 insimula-

32 752 183 800 retur,
229 744 528 800 suspicionem
563 750 770 798 augeret,
817 742 891 783 alii
923 741 1190 797 amentiam,

33 800 106 842 cui
134 800 555 857 comperendinato,
630 813 740 841 uum
770 806 863 840 tam
898 797 1031 840 multi
1062 804 1195 839 testes

37 855 277 912 dixissent,
313 855 555 920 quidquam
582 854 612 895 il
635 870 765 896 orum
794 855 966 896 veniret
993 854 1041 896 in
1067 868 1195 895 men-

35 919 144 953 tem.
198 911 335 953 Pueri
348 919 497 953 autem
518 911 753 967 Sisennae,-
787 911 945 966 credo,
976 909 1051 966 qui
1070 909 1197 950 audi-

36 968 225 1022 vissent,
262 983 372 1025 quae
402 968 446 1009 in
466 967 601 1009 istum
625 966 878 1009 testimonia
901 973 1046 1008 essent
1064 965 1198 1020 dicta,

41 1023 195 1066 oculos
223 1024 276 1065 de
291 1024 373 1065 isto
395 1038 614 1080 nusquam
635 1022 846 1078 deiicere,
884 1037 1026 1079 neque
1047 1021 1101 1063 ab
1130 1036 1200 1063 ar-

40 1087 176 1136 gento
216 1079 408 1136 digitum
445 1079 682 1121 discedere.
764 1079 846 1121 Est
878 1078 985 1120 boni
1014 1077 1198 1133 iudicis,

39 1135 190 1199 parvis
218 1150 276 1177 ex
309 1135 441 1176 rebus
478 1135 779 1177 coniecturam
817 1134 965 1176 facere
991 1135 1205 1176 uniuscu-

41 1204 199 1247 1usque
231 1199 274 1232 et
301 1190 556 1247 cupiditatis
584 1198 627 1232 et
656 1191 1022 1233 incontinentiae.
1109 1189 1202 1245 Qui

41 1261 146 1289 reus
166 1247 206 1289 le
240 1262 287 1301 e,
311 1254 355 1288 et
374 1262 474 1288 reus
495 1247 914 1303 comperendinatus
928 1279 940 1302 ,
976 1262 1025 1289 re
1045 1255 1089 1289 et
1107 1245 1205 1303 opi-

43 1302 178 1345 nione
239 1301 441 1345 ominum
468 1317 608 1359 paene
632 1303 890 1358 damnatus,
924 1303 1007 1345 sibi
1034 1312 1206 1359 tempe-

45 1373 148 1400 rare
168 1367 182 1391 ¹
218 1374 312 1402 non
338 1359 537 1417 potuerit
568 1360 768 1401 maximo
804 1367 1051 1416 conventu,
1095 1359 1204 1416 quin

46 1414 105 1457 L.
132 1414 345 1457 Sisennae
371 1423 607 1471 argentum
634 1423 846 1457 tractaret
881 1423 926 1457 et
953 1416 1207 1458 considera-

48 1479 142 1514 ret:
186 1470 306 1513 hunc
333 1471 381 1512 in
405 1471 645 1530 ‘provincia
681 1480 939 1528 praetorem
974 1474 1209 1529 quisquam

48 1527 226 1584 putabit
251 1542 275 1568 a
298 1527 554 1569 Siculorum
583 1535 770 1585 argento
789 1527 1106 1586 cupiditatem,
1134 1538 1213 1572 aut

48 1596 209 1626 manus
236 1582 455 1626 abstinere
481 1579 714 1642 potuisse?

168 1693 303 1741 XVI.
338 1695 537 1752 Verum,
574 1697 641 1738 uti
668 1696 964 1753 Lilybaeum,
1002 1699 1121 1741 unde
1150 1700 1216 1743 di-

116 1764 210 1792 essa
244 1757 342 1807 est,
385 1753 527 1794 oratio
564 1760 848 1808 revertatur,
903 1754 1085 1797 Diocles
1126 1765 1213 1813 est,

57 1765 171 1849 §ram
203 1804 286 1847 hili
344 1822 473 1863 cncr,
516 1808 659 1864 illius,
704 1822 728 1849 a
754 1823 843 1864 quo
876 1808 1040 1866 hydria
1067 1811 1215 1857 ablata

58 1870 149 1918 est,
173 1821 314 1919 5³01>ss
338 1863 402 1905 ius
423 1864 703 1928 cognomine.
760 1864 831 1906 Ab
860 1866 946 1906 hoe
973 1866 1098 1910 abaci
1115 1883 1218 1914 vasa

62 1918 237 1973 omnia,
270 1927 320 1960 ut
346 1928 546 1977 exposlta
574 1921 775 1975 fuerant,
814 1921 1008 1964 abstulit.
1064 1924 1217 1983 Dicat,

61 1972 190 2037 licet,
227 1989 272 2016 se
301 1975 471 2017 emisse.
500 1988 503 1992 ·
527 1977 708 2018 Etenim
735 1976 808 2018 hic
834 1987 1022 2034 propter
1047 1984 1221 2037 magni-

64 2029 269 2073 tudinem
288 2030 414 2088 furti,
443 2040 572 2088 sunt,
609 2039 661 2075 ut
681 2032 868 2089 opinor,
892 2033 1047 2080 literae
1064 2036 1220 2081 factae.

118 2217 151 2255 ι)
177 2215 238 2249 Sic
258 2213 432 2249 Lambin.
486 2216 612 2262 Vulgo
638 2226 841 2266 temperare
865 2221 1004 2254 omisso
1033 2219 1113 2253 sibi.
