1416 2480
238 144 384 183 mma
409 143 652 192 QmNTUS,
701 145 805 180 cm».
831 144 892 181 ει.
918 144 978 182 6,.
1130 145 1204 186 365

18 243 195 288 milium
219 254 301 286 vos
327 247 521 282 attentos
545 246 771 281 tenerem:
810 237 1199 295 quemadmodum

18 300 73 344 de
101 308 226 342 tanta
256 314 304 341 re
329 291 513 339 dicam?
551 296 760 351 Opinor,
799 311 915 337 unus
944 295 1106 336 modus
1131 303 1200 337 at-

18 371 104 414 que
138 371 230 398 una
261 353 375 397 ratio
413 361 491 394 est.
576 352 694 394 Rem
722 352 771 394 iu
808 351 960 393 medio
1002 363 1201 406 punam:

16 428 130 470 quae
159 420 337 455 tantum
374 409 510 452 habet
536 409 633 466 ipsa
667 409 921 465 gravitatis,
968 417 1018 449 ut
1048 421 1195 463 neque

18 485 135 526 mea,
165 483 278 526 quae
297 466 423 510 nulla
443 475 531 522 est,
559 480 706 522 neque
729 466 991 521 cuiusquam
1007 496 1019 518 ,
1049 465 1105 506 ad
1126 465 1201 507 ina

18 525 317 568 flammandos
344 531 516 568 vestros
553 523 728 566 animos
758 522 1019 578 eloquentia
1044 521 1198 577 requi-

18 591 159 626 ratur.

132 692 285 738 LXII.
318 693 487 737 Gavius
517 691 617 748 hic,
652 705 795 749 quem
812 690 942 747 dico,
974 691 1196 748 Cosanus,

17 767 159 810 quum
189 753 274 796 illo
299 752 348 794 in
375 765 566 793 numero
594 749 650 790 ab
677 750 763 790 isto
794 748 841 790 in
877 748 1059 791 vincula
1087 763 1196 790 con-

16 809 158 851 iectus
187 817 325 864 esset,
364 816 410 850 et
434 805 585 849 nescio
613 820 700 862 qua
727 805 904 847 ratione
918 805 1035 846 clam
1054 821 1077 846 e
1095 805 1198 846 lau-

15 866 171 908 tumiis
190 864 480 930 profugisset,
508 863 853 918 Messanamque
872 862 1089 917 venisset,
1117 859 1196 916 qui

14 937 159 979 prope
187 937 278 964 lam
298 920 474 964 ItaJiam
512 928 556 962 et
583 919 764 960 moenia
789 917 1100 975 Rheginorum
1130 917 1197 959 vi-

19 978 169 1035 deret,
223 985 269 1020 et
307 992 366 1020 ex
402 977 482 1019 illo
517 984 644 1019 metu
685 974 846 1017 mortis
883 990 935 1017 ac
968 973 1194 1029 tenebris,

17 1036 143 1092 quasi
181 1036 283 1078 luce
320 1034 567 1090 libemtis,
611 1040 655 1075 et
679 1031 820 1074 odore
849 1031 1000 1088 aliquo
1036 1031 1194 1087 legum

15 1101 272 1145 recreatus,
307 1090 569 1143 revixissetz,
600 1088 725 1145 loqui
753 1087 988 1130 Messanae
1022 1087 1197 1144 coepit,

19 1156 66 1191 et
91 1150 262 1213 queri„
282 1163 328 1192 se
356 1148 500 1189 civem
530 1147 789 1189 Romanum
816 1144 866 1187 in
893 1144 1075 1187 vincula
1100 1157 1201 1186 esse

19 1213 304 1260 conlectum,
340 1204 425 1247 sibi
444 1212 566 1246 recta
584 1203 671 1244 iter
690 1216 782 1243 esse
802 1201 1024 1255 Romam3
1054 1199 1202 1243 Verri‘

0 1265 65 1314 >se
92 1269 274 1318 praesto
300 1260 554 1304 advenienti
584 1260 808 1302 futurum.
893 1258 1005 1300 Non
1026 1256 1198 1300 intelli-

0 1315 154 1375 {gebat
173 1318 334 1375 miser,
370 1316 489 1360 nihil
507 1318 735 1370 interesse,
762 1323 915 1357 utrum
939 1314 1050 1356 haec
1072 1313 1198 1356 Mes-

0 1389 151 1417 xsanac
164 1405 177 1428 ,
215 1390 273 1417 an
291 1374 415 1432 apud·
432 1374 581 1430 ipsum
601 1373 649 1415 in
669 1371 898 1429 praetorio
916 1371 1203 1427 loqueretur-³

17 1429 66 1472 N
69 1444 140 1472 am
153 1462 168 1487 ,
204 1438 256 1473 ut
271 1440 374 1475 ante
394 1445 473 1474 vos
491 1429 649 1484 docui,
688 1427 805 1471 hanc
825 1427 908 1469 sibi
929 1429 1011 1470 iste
1029 1426 1196 1470 urbem

17 1485 270 1544 delegerat,
306 1502 441 1545 quam
459 1485 649 1528 haberet
668 1484 936 1526 adiutricem
954 1483 1198 1541 scelerum,

16 1543 249 1587 furtorum
274 1543 596 1602 receptricem,
618 1551 632 1575 ¹
674 1541 955 1598 flagitiorum
985 1534 1196 1584 omriium

17 1600 201 1642 sociam.
258 1600 414 1657 Itaque
439 1600 493 1642 ad
521 1599 837 1657 magistratum
861 1596 1196 1640 Mamertinum

17 1656 173 1697 statim
200 1656 440 1698 deducitur
465 1656 661 1711 Gavius3
697 1669 839 1710 eoque
865 1655 965 1711 ipso
995 1654 1066 1697 die
1088 1666 1197 1696 casu.

18 1711 280 1754 Messanam
306 1713 429 1755 venit
453 1711 638 1753 Verres.
708 1710 799 1752 Res
830 1711 886 1752 ad
912 1710 1020 1752 eum
1048 1710 1198 1752 defer-

18 1775 120 1821 tur3
157 1782 252 1810 esse
280 1770 430 1810 civem·
452 1766 739 1824 Romanum,
776 1767 854 1824 qui
883 1781 930 1809 se
957 1765 1195 1826 Syracusis

16 1823 68 1866 i'n
96 1824 328 1867 lautumiis
354 1823 492 1867 fuisse
520 1831 800 1881 quereretur.
884 1822 1058 1880 Quem,
1100 1823 1194 1865 iam

17 1879 352 1944 ingredientem
379 1895 565 1936 navem,
599 1889 644 1923 et
663 1879 803 1924 Verri
828 1880 963 1923 nimis
979 1880 1199 1924 atrociten

17 1944 332 1994 nnmtantem,
369 1952 394 1979 a
423 1953 468 1979 se
496 1945 746 1979 retractum
773 1949 890 1992 esse,
927 1945 972 1979 et
999 1950 1205 1980 asservaf²>

17 1999 143 2048 tum,
178 2002 231 2035 ut
256 1993 352 2051 ipse
381 1994 429 2036 in
456 2007 560 2036 eum
585 2001 826 2050 statueret,
869 1995 993 2050 quod
1020 1994 1205 2037 videre·-

24 2233 35 2242 ι
67 2190 103 2228 ι)
126 2188 331 2225 Memmius
357 2191 524 2226 coniecit
550 2191 756 2239 legendum
786 2205 869 2228 esse
886 2197 1192 2245 receptatricem

15 2232 135 2280 adque
160 2234 322 2283 qffereur
355 2250 376 2270 e
404 2237 491 2277 cod,
509 2237 641 2285 Huyd.
