1420 2491
163 151 231 191 2¹4
471 146 527 182 IN
551 144 756 181 VERREM
799 145 913 183 ACT.
937 146 987 180 11.

167 239 291 281 Nam
318 239 355 281 si
377 239 440 282 ita
460 238 740 282 defenderet:
776 239 919 296 recipi
949 249 1118 281 nomen
1139 238 1333 286 absentis

167 295 297 351 licet3
341 295 427 337 hoc
454 295 553 338 fieri
580 295 627 338 in
654 295 888 352 provincia
921 295 1047 337 nulla
1080 295 1158 337 lex
1180 302 1332 338 Notat:

169 352 287 393 mala
309 359 353 393 et
376 352 438 393 im
474 351 583 393 roba
602 351 882 405 defensione,
921 366 1079 393 verum
1098 351 1246 407 aliqua
1268 359 1334 393 ta-

167 420 274 449 men
301 408 370 449 uti
394 408 438 449 vi
473 416 635 450 eretur.
700 407 935 449 Postremo
963 406 1042 448 illo
1071 407 1336 464 desperatis-

168 463 283 506 simo
307 463 516 521 perfugio
537 465 603 506 uti
627 471 800 520 posset,
836 479 880 506 se
912 463 1247 519 imprudentem
1269 462 1336 504 fe-

170 519 294 574 cisse,
323 520 596 562 existimasse
614 520 660 562 id
679 519 828 562 licere.
878 519 1163 576 Quamquam
1183 518 1294 560 haec
1308 525 1329 548 ¹

168 575 471 632 perditissima
499 575 812 631 defensioest,
863 585 1014 617 tamen
1047 574 1215 631 aliquid
1247 572 1338 616 dici

168 630 413 673 videretur.
499 631 641 674 Tollit
668 647 726 673 ex
763 631 926 673 tabulis
958 632 1027 686 id,
1073 630 1195 687 quod
1226 638 1339 685 erat,

167 693 214 727 et
239 686 369 742 facit,
407 702 559 729 coram
577 688 777 730 delatum
796 703 900 729 esse.

282 798 432 841 XLII.
463 799 552 841 Hic
581 799 754 854 videte,
787 799 836 841 in
861 807 969 855 quot
990 813 1033 840 se
1061 799 1245 855 laqueos
1266 798 1337 841 in-

172 854 344 910 duerit,
384 869 578 912 quorum
607 870 664 896 ex
689 855 816 896 nullo
845 872 890 897 se
910 869 1124 911 umquam
1151 854 1338 911 expedi-

169 919 253 953 ret.
310 911 516 953 Primum
536 910 631 967 ipse
650 911 698 952 in
719 911 871 953 Sicilia
897 925 1026 968 saepe
1047 918 1091 952 et
1113 911 1264 967 palam
1283 911 1337 952 de

170 966 272 1008 loeo
301 967 534 1023 superiore
563 967 763 1021 dixerat,
812 975 855 1008 et
880 967 927 1009 in
948 981 1155 1009 sermone
1183 966 1338 1009 multis

171 1022 526 1078 demonstrarat,
563 1022 698 1065 licere
716 1038 884 1066 nomen
903 1024 1104 1080 recipere
1124 1022 1339 1066 absentis:

173 1093 219 1120 se
247 1079 457 1135 exemplo
486 1078 644 1121 fecisse
673 1080 742 1134 id,
790 1080 909 1135 quod
937 1078 1125 1120 fecisset.
1210 1078 1338 1121 Haeo

173 1148 279 1175 eum
300 1135 545 1191 dictitasse,
559 1143 579 1163 2
598 1135 751 1192 priore
771 1137 1008 1177 actioneet
1028 1136 1131 1192 Segi.
1145 1134 1340 1192 Pompe-

171 1190 240 1231 ius
262 1190 455 1232 Chlorus
482 1192 620 1245 dixit,
660 1191 712 1232 cle
735 1191 858 1232 cuius
877 1192 1043 1233 virtute
1066 1198 1194 1232 antea
1214 1205 1337 1232 com·-

171 1247 443 1301 memoravi,
482 1255 524 1288 et
553 1247 633 1288 Cn.
652 1247 894 1302 Pompeius
923 1246 1215 1301 Theodorus,
1257 1245 1340 1287 ho·-

172 1311 250 1344 mo
279 1309 322 1343 et
353 1301 434 1343 Cn.
466 1302 692 1358 Pompeii,
737 1302 971 1344 clarissimi
1000 1302 1117 1356 viri,
1169 1302 1337 1344 iudicio

172 1357 383 1413 plurimis
411 1359 708 1415 maximisque
735 1359 784 1400 in
809 1358 940 1400 rebus
975 1357 1339 1414 probatissimus,

174 1421 218 1454 et
241 1415 445 1456 omnium
473 1415 802 1456 existimatione
823 1414 1151 1468 ornatissimus,
1189 1421 1235 1456 et
1255 1413 1339 1456 Po-

173 1469 289 1511 sides
308 1471 461 1512 Matro
491 1471 769 1524 Solentinus,
807 1470 945 1513 homo
973 1469 1340 1515 summanobili-

175 1533 287 1581 tate,
342 1527 695 1582 existimatione,
720 1528 926 1569 ·vi1-tute:
974 1534 1018 1568 et
1045 1526 1129 1567 hac
1159 1525 1336 1568 actione

178 1595 313 1637 quam
339 1583 495 1624 voletis
521 1583 653 1624 multi
682 1584 854 1638 dicent,
893 1591 938 1625 et
958 1583 1033 1639 qui
1055 1582 1215 1623 existo
1235 1582 1334 1641 ipso
1362 1579 1367 1590 “

175 1637 422 1693 audierint,
456 1639 540 1680 viri
567 1639 773 1695 primarii
786 1640 929 1681 nostri
955 1637 1146 1694 ordinis,
1183 1645 1227 1680 et
1245 1638 1338 1691 alii,

175 1693 251 1748 qui
278 1695 590 1750 interfuerint,
665 1709 772 1737 uum
800 1695 991 1738 absentis
1021 1708 1190 1736 nomen
1222 1694 1339 1736 reci-

173 1759 372 1805 peretur.
428 1751 604 1793 Deinde
668 1766 818 1807 omae,
857 1766 994 1808 quum
1012 1765 1084 1792 res
1104 1757 1217 1801 esset
1239 1756 1338 1792 acta

172 1806 222 1848 in
251 1815 429 1861 senatu,
480 1822 634 1849 omnes
663 1808 787 1848 istius
827 1807 982 1862 amici,
1024 1807 1073 1848 in
1100 1805 1169 1848 his
1199 1805 1335 1848 etiam

172 1869 302 1918 pater
337 1863 430 1905 eius
469 1863 554 1904 hoc-
586 1862 853 1905 defendebat
885 1864 1022 1905 licere
1048 1861 1170 1916 fieri,
1205 1875 1338 1918 saepe

176 1932 269 1959 esse
297 1917 491 1973 sactum,
534 1919 694 1974 istum,
740 1919 858 1975 quod
894 1919 1095 1970 fecisset,
1144 1917 1338 1959 aliorum

174 1975 386 2034 exemplo
416 1975 709 2033 institutoque
737 1976 906 2018 fecisse·
962 1974 1088 2018 Dicit
1105 1980 1338 2031 praeterea

222 2122 255 2158 ι)
279 2117 372 2151 haec
396 2122 606 2155 omiserunt
627 2123 735 2157 Grac.
756 2122 850 2156 Em.

221 2170 259 2206 2)
289 2164 475 2199 dictitasse
501 2166 615 2201 codd.
629 2170 726 2204 Mea.
739 2168 851 2204 fabr.
867 2167 969 2204 Pall.
985 2166 1073 2203 edd.
1091 2180 1150 2215 pr.
1176 2169 1334 2216 Insa-qes-

174 2210 370 2245 nonnullis
407 2210 576 2248 dictasse.

563 2262 596 2296 τ’
