1416 2480
238 121 383 158 LIBER
421 119 671 167 QUARTUS.
728 119 831 160 CAP.
854 127 912 162 30.
937 127 996 162 31.
1060 118 1062 120 ’
1162 136 1225 159 211

21 216 25 222 ’
59 228 83 259 e
117 214 350 272 provincia
395 212 553 271 populi
597 211 792 255 Romani
837 213 1101 256 exturbatus
1139 224 1218 258 est.

59 270 450 328 Quemadmodum
487 268 573 311 hoc
608 277 868 325 accepturas
901 270 1105 312 nationes
1140 286 1218 314 ex-

59 336 202 384 teras,
245 325 624 384 quemadmodum
654 324 785 366 huius
821 325 886 367 tui
915 325 1021 368 facti
1044 326 1219 377 samam

55 384 104 426 iu
130 398 267 440 regna
293 382 488 424 aliorum
511 389 642 437 atque
669 381 717 422 in
744 381 925 424 ultimas
956 389 1094 424 terras
1120 399 1221 440 per·-

54 447 290 483 venturam
316 439 498 495 putasti,
527 452 665 493 quum
688 437 936 492 audierint,
967 453 991 479 a
1012 447 1218 492 praetore

53 495 214 553 populi
234 494 428 537 Romani
457 495 503 536 in
530 493 761 550 provincia
792 494 1011 535 violatum
1044 510 1216 552 regem,

53 551 297 608 spoliatum
314 549 551 607 hospitem,
572 549 763 590 eiectum
775 550 944 591 socium
956 552 1114 606 populi
1131 553 1216 595 Ro-

53 607 177 649 mani
202 613 334 663 atque
351 601 581 648 amicum?
619 605 801 646 Nomen
823 612 1045 662 vestrum,
1074 622 1216 664 popu-

49 661 171 718 lique
199 661 393 705 Romani
415 695 428 718 ,
491 662 593 703 odio
628 668 759 716 atque
795 661 1024 703 acerbitati
1057 664 1214 707 scitote

49 718 309 761 nationibus
329 719 518 773 exteris,
551 716 742 768 iudices,
769 716 998 772 futurum,
1034 718 1072 760 si
1091 719 1214 763 istius

49 772 161 816 haec
199 783 321 816 tauta
347 775 511 817 iniuria
535 773 760 830 impunita
790 772 1053 816 discesserit.
1138 776 1212 818 Sic

47 845 204 873 omnes
233 830 595 885 arbitrabuntur,
638 829 901 885 praesertim
938 844 1075 885 quum
1102 830 1212 874 haec

48 888 235 928 omnino
263 885 382 928 fama
414 887 467 928 de
487 894 746 928 nostrorum
768 884 1003 928 hominum
1024 887 1210 929 avaritia

48 950 94 982 et
121 942 362 998 cupiditate
398 941 762 998 percrebruerit,
800 956 892 982 uon
919 941 1047 984 istius
1074 944 1211 986 solius

45 996 134 1039 hoc
153 1011 245 1041 esse
263 998 459 1052 facinus,
499 999 575 1039 sed
594 1013 751 1040 eorum
767 996 896 1038 etiam
910 1030 922 1050 ,
953 998 1027 1054 qui
1048 1013 1212 1056 appro-

46 1052 208 1097 barini.
234 1061 252 1083 ¹
310 1054 451 1098 Multi
478 1070 627 1110 reges,
665 1053 833 1095 multae
863 1053 1031 1095 liberae
1058 1056 1211 1098 civita-

45 1116 133 1164 tes,
169 1110 300 1152 multi
330 1110 492 1167 privati
521 1110 790 1166 opulentiae
812 1116 1016 1165 potentes
1045 1109 1205 1154 habent

43 1164 324 1221 profecto,·in
350 1165 503 1208 auimo
530 1166 803 1221 Capitolium
838 1164 899 1206 sic
928 1180 1114 1222 ornare,
1158 1175 1210 1210 ut

43 1221 204 1278 templi
231 1221 448 1277 dignitas,
486 1221 754 1278 imperiique
779 1222 921 1263 nostri
947 1236 1114 1264 nomen
1134 1223 1209 1265 de-

42 1277 231 1319 siderat:
269 1278 346 1333 qui
364 1278 399 1320 si
425 1277 727 1319 intellexerint
743 1310 754 1331 ,
793 1276 1041 1320 interverso
1067 1279 1209 1335 regali

38 1332 129 1380 hoc
158 1333 299 1388 dono,
332 1332 527 1390 graviter
559 1348 633 1375 vos
656 1334 831 1375 tulisse:
869 1342 996 1389 grata
1014 1335 1112 1377 fore
1131 1349 1208 1378 vo·

41 1388 108 1429 bis
137 1389 394 1446 populoque
418 1389 619 1431 Romano
648 1404 725 1430 sua
747 1389 890 1431 studia
919 1404 968 1431 ac
997 1389 1112 1433 dona
1137 1406 1207 1439 ai:-

38 1443 339 1486 mirabuntur.
398 1445 476 1487 Sin
497 1445 582 1487 hoc
610 1446 686 1487 vos
718 1446 760 1487 in
797 1460 902 1501 rege
932 1454 1022 1487 tam
1044 1446 1206 1503 nobili,

38 1499 85 1542 in
109 1512 161 1542 re
173 1508 272 1543 'tam
301 1502 492 1556 eximia,
532 1502 578 1544 in
605 1502 767 1543 iniuria
791 1509 885 1543 tam
913 1503 1096 1556 acerba,
1126 1518 1206 1545 ne-

34 1555 227 1612 glexisse
244 1558 489 1600 audierint:
517 1573 610 1600 non
631 1565 765 1600 erunt
791 1565 883 1599 tam
903 1566 1125 1614 amentes,
1152 1567 1204 1600 ut

39 1626 248 1667 operam,
285 1628 464 1669 curam,
501 1613 739 1670 pecuniam
766 1613 1029 1668 impendant
1057 1615 1104 1664 in
1132 1629 1204 1656 eas

38 1682 134 1721 res,
174 1683 280 1724 quas
307 1669 431 1712 vobis
449 1678 597 1726 gratas
617 1670 714 1712 fore
743 1683 836 1718 non
855 1668 1146 1711 arbitrentur.

150 1779 333 1823 XXXI.
363 1780 465 1822 Hoc
487 1781 611 1835 loco,
647 1781 703 1833 Q.
726 1782 908 1834 Catule,
939 1789 983 1823 te
1005 1783 1200 1840 appello.

35 1835 226 1892 Loquor
255 1837 373 1879 enim
404 1837 457 1877 de
484 1845 562 1878 tuo
597 1837 843 1879 clarissimo
872 1836 1203 1894 pulcherrimo·

39 1906 122 1946 que
151 1901 470 1947 monumento,
515 1908 607 1935 non
636 1893 791 1934 iudicis
821 1895 966 1936 solum
994 1895 1204 1936 severita-

40 1954 132 1988 tem
168 1947 214 1989 in
242 1948 328 1990 hoc
357 1949 568 2003 crimine,
607 1949 680 1990 sed
710 1964 851 2006 prope
878 1949 1049 1990 inimici
1070 1959 1201 2006 atque

36 2004 305 2046 'accusatoris
327 2004 414 2045 vim
430 2006 655 2062 suscipere
677 2004 822 2046 dobes.
851 2005 976 2046 Tuus
991 2014 1054 2047 est
1081 2006 1204 2047 enim

37 2056 181 2100 honos
209 2060 256 2101 in
274 2060 361 2102 'illo
389 2061 585 2118 templo,
628 2069 806 2103 senatus
838 2061 1081 2118 populique
1112 2060 1205 2104 Ro-

87 2195 126 2241 1)
154 2195 214 2229 Sic
231 2196 325 2236 Em.
346 2211 365 2230 e
384 2197 469 2232 cod.
495 2196 623 2243 Gnceff.
674 2198 799 2245 Vulgo
821 2198 1084 2246 approbarunt.
