1431 2481
223 155 268 192 84
563 148 622 185 m
644 148 848 188 VERREM
891 151 1005 188 ACT.
1029 152 1082 196 11,

226 250 334 295 nos,
360 238 456 296 'qui
485 240 710 298 principes
734 243 800 285 rei
827 243 1147 288 frumentariae
1172 245 1382 303 fuerunt3

231 303 438 352 expertes
465 296 855 343 incommodorum
873 309 1004 358 atque
1029 302 1295 344 iniuriamm
1311 304 1380 346 fu-

229 351 326 394 isse.
383 351 486 393 Hoc
513 368 669 396 causae
698 363 789 410 est,
823 357 1014 413 iudices,
1049 358 1168 414 quod
1195 358 1243 400 in
1271 374 1379 416 agro

230 405 458 449 Leontino
471 440 483 463 ‚
509 418 687 465 praeter
705 426 838 454 unam
858 413 1134 455 Mnasistrati
1150 413 1383 470 familiam,

233 463 410 518 glebam
431 464 762 508 Leontinorum
820 469 982 511 ossidet
1008 484 1154 511 nemo.
1207 470 1383 527 ltaque

235 519 536 576 Mnasistrati,
570 521 764 564 hominis
825 525 1088 571 onestissimi
1111 534 1242 583 atque
1271 543 1297 569 ο
1332 527 1387 569 ti-

234 575 299 618 mi
325 575 410 617 viri
434 578 764 634 testimonium,
805 580 995 637 iudices,
1029 582 1227 624 audietis.
1299 543 1388 624 {Je-

235 639 354 673 teros
382 632 652 689 Leontinos,
690 635 848 690 quibus
874 651 966 678 non
995 639 1131 680 modo
1157 639 1388 695 Apronius

235 687 286 728 in
305 688 420 743 agris
433 720 445 742 ‚
485 689 560 730 sed
578 704 633 730 ne
652 698 889 747 tempestas
913 693 1091 748 quidem
1112 693 1204 736 ulla
1221 709 1385 737 nocere

231 744 406 800 potuit,
444 753 701 801 exspectare
729 746 881 789 nolite.
938 749 1119 791 Etenim
1135 764 1228 792 non
1247 751 1384 792 modo

235 801 512 842 incommodi
529 801 642 842 nihil
662 811 896 859 ceperunt:
925 805 1002 846 sed
1019 806 1152 847 etiam
1171 807 1221 847 in
1236 807 1384 863 Apro·

235 855 380 897 nianis
406 856 493 898 illis
518 857 710 913 rapinis,
754 859 803 901 111
830 868 1013 916 quaestu
1047 871 1150 904 sunt
1176 877 1385 919 compen-

237 911 398 967 dioque
429 914 601 955 versati.
687 915 976 972 Quapropter
995 948 1008 971 ,
1063 918 1274 974 quoniam
1310 933 1384 961 me

235 967 461 1010 Leontina
488 969 639 1011 civitas
667 979 795 1027 atque
829 972 1019 1028 legatio,
1073 982 1246 1030 iropter
1271 989 1385 1026 eam,

236 1038 370 1081 quam
398 1024 516 1080 dixi,
556 1041 757 1082 causam,
793 1027 976 1071 defecit:
1002 989 1209 1072 mihimet
1229 1030 1386 1072 ineun-

239 1081 295 1121 da
320 1079 435 1122 ratio
465 1090 509 1123 et
535 1082 606 1123 via
631 1083 899 1138 reperiunda
926 1093 1013 1141 est,
1052 1101 1137 1143 qua
1164 1086 1219 1128 ad
1237 1087 1386 1143 Apro·-

236 1135 302 1176 nii
330 1145 585 1193 quaestum,
624 1138 712 1181 sive
731 1140 865 1194 adeo,
904 1156 990 1196 qua
1006 1143 1061 1184 ad
1088 1142 1212 1183 istius
1230 1143 1386 1199 ingen-

233 1192 327 1232 ²tem
354 1191 682 1250 immanemque
707 1196 921 1251 praedam
946 1198 1114 1252 possim
1137 1199 1385 1254 pervenire.

234 1246 350 1300 Agri
375 1248 588 1290 Leontini
616 1250 826 1291 decumae
853 1265 971 1294 anno
986 1254 1124 1295 tertio
1150 1253 1387 1296 venierunt

234 1303 374 1344 tritici
407 1303 685 1347 medimnum
720 1319 926 1362 xxvaz,
975 1308 1062 1350 hoo
1097 1317 1187 1365 est,
1244 1310 1385 1352 tritici

173 1359 177 1361 “
233 1358 437 1399 modium
459 1372 643 1402 ccxvl.
661 1361 854 1418 Blagnm
881 1363 1063 1418 iudices,
1091 1379 1281 1422 mag1103
1307 1381 1385 1408 ne-

234 1429 320 1469 que
347 1415 467 1456 enim
491 1416 577 1458 hoc
596 1432 777 1473 possum
802 1433 977 1474 negare.
1033 1421 1185 1477 Itaque
1206 1436 1385 1464 necesse

227 1477 325 1523 est,
373 1481 448 1512 aut
485 1471 720 1528 damnum,
766 1482 842 1515 aut
877 1484 996 1518 certe
1040 1492 1134 1518 non
1166 1492 1384 1534 magnum

232 1525 413 1568 iucmm
440 1526 594 1570 fecisse
619 1530 928 1572 decumanum.
993 1533 1095 1574 Hoc
1124 1534 1244 1575 enim
1272 1534 1386 1576 solet

227 1596 320 1622 usu
338 1583 489 1625 venire
508 1584 583 1639 iis,
613 1584 688 1640 qui
708 1600 869 1640 magno
889 1587 1190 1630 redemerunt.
1247 1589 1383 1654 Quid3

235 1637 270 1677 si
302 1639 510 1693 ostendo,
542 1639 589 1681 in
616 1640 698 1681 hac
726 1656 813 1683 una
849 1644 1096 1700 emptione,
1143 1644 1259 1687 lucri
1283 1646 1405 1688 fierl‘

230 1693 370 1735 tritici
388 1696 589 1736 modium
608 1691 667 1737 e?
705 1697 810 1753 quid
824 1730 836 1752 ,
865 1699 899 1739 si
919 1695 1011 1741 cc?
1041 1701 1169 1756 quid,
1201 1702 1238 1742 si
1259 1697 1381 1743 ccc?

235 1749 364 1805 quid,
390 1750 427 1792 si
455 1766 578 1792 cccc
607 1750 778 1794 millia?
791 1761 801 1783 ¹
831 1754 1086 1798 dubitabitis
1114 1758 1270 1813 etiam,
1310 1757 1384 1799 cui

231 1804 314 1846 ista
352 1814 473 1848 tanta
505 1809 669 1863 praeda
706 1810 899 1864 quaesita
937 1807 1027 1853 sit?
1071 1812 1279 1868 Iniquum
1309 1826 1380 1854 me

228 1875 324 1906 esse
345 1862 563 1919 quispiam
582 1865 719 1919 dicet,
758 1866 834 1920 qui
857 1881 913 1908 ex
929 1867 1057 1920 ‘lucri
1071 1868 1379 1924 magnitudine

231 1917 534 1960 coniecturam
554 1919 713 1962 faciam
729 1920 838 1962 furti
860 1931 988 1978 atque
998 1923 1201 1979 praedae.
1222 1919 1381 1976 Quid?

223 1973 267 2013 si
296 1971 457 2031 doceo,
494 1975 685 2032 iudices,
722 1991 819 2033 eos,
856 1980 932 2035 qui
960 1993 1086 2020 ecee
1116 1979 1258 2022 millia
1282 1994 1379 2022 mo-

275 2202 312 2249 1)
338 2205 419 2238 Hoc
447 2204 616 2238 restituit
637 2203 731 2238 Em.
755 2216 804 2238 ex
827 2203 914 2239 edd.
938 2217 1000 2252 pr.
1045 2207 1166 2253 Vulgo
1189 2180 1374 2240 dubitatis.
