1431 2481
212 128 290 166 ,εφη
331 119 390 155 IN
408 117 555 154 VERR.
583 118 694 155 Aer.
714 117 762 156 11.
786 119 878 156 ΠΒ.
902 119 950 158 V.
993 120 1318 168 SUMMARIUM.

215 216 440 269 praecipue
469 223 817 256 commemoratur
843 225 885 256 et
920 221 1155 273 exagitatur
1189 223 1385 265 immanis

217 286 313 324 erga
354 272 530 311 Gavium
570 272 775 312 Cosanum
832 276 1084 328 municipem
1137 279 1385 332 crudelitas,

217 341 339 379 quem
369 330 558 379 quamvis
585 343 627 368 se
657 330 790 368 civem
806 331 1038 372 Romanum
1065 347 1152 381 esse
1173 336 1384 389 clamaret,

217 385 332 423 eruci
354 385 503 424 affixit.
532 400 567 424 c.
591 386 643 424 53
657 406 701 413 -
719 385 786 439 67.

329 496 378 536 In
407 499 671 538 conclusione
696 505 837 539 orator
865 501 1019 543 iudices
1047 504 1099 543 ad
1118 505 1381 551 severitatem

214 551 429 603 hortatur,
462 554 724 594 Hortensium
752 565 912 607 monet,
952 567 998 598 ut
1015 562 1155 599 videat
1173 570 1216 601 et
1243 566 1384 603 consi-

215 609 354 659 deret,
394 624 474 662 quo
502 613 810 664 progrediatur,
853 628 974 666 quem
1003 616 1213 657 hominem
1236 627 1278 659 et
1300 635 1383 672 qua

214 667 403 705 oratione
431 667 649 720 defendat',
687 671 951 722 minaturque
970 673 1005 710 si
1032 681 1195 725 praeter
1215 678 1383 729 opinio-

213 736 310 761 nem
329 737 424 761 reus
445 736 498 761 ex
523 724 601 763 hoc
620 726 775 764 iudicio
796 728 956 779 elapsus
973 729 1045 778 sit,
1081 744 1125 769 se
1152 744 1238 770 non
1256 735 1382 772 modo

214 791 283 816 eos
303 786 632 830 persecuturum,
661 782 713 819 ad
731 796 831 833 quos
854 785 1034 823 maxime
1053 787 1173 839 culpa
1192 803 1384 828 corrum-

212 835 340 886 pendi
367 835 534 883 iudicii,
569 838 641 875 sed
659 838 782 876 etiam
798 840 892 878 illos
916 841 968 879 ad
986 854 1086 892 quos
1105 845 1382 886 conscientiae

214 892 406 942 contagio
429 893 636 943 pertineat
663 908 696 931 c.
717 889 832 932 68-
851 906 914 944 71.
973 897 1161 949 Denique
1188 900 1284 939 deos
1306 903 1382 940 de-

211 959 338 996 asque
366 960 527 997 omnes,
567 964 745 1001 quorum
769 953 923 1004 templa
936 959 978 990 et
993 954 1213 1006 religiones
1231 956 1383 997 Verres

211 1003 459 1052 violaverit,
489 1005 688 1057 implorat
704 1013 746 1045 et
773 1010 1021 1058 obtestatur,
1050 1016 1099 1048 ut
1115 1011 1287 1052 Verrem
1314 1015 1382 1053 di-

215 1073 320 1110 gnus
348 1059 548 1099 inauditis
577 1060 618 1100 et
646 1064 922 1115 singularibus
958 1066 1212 1109 facinoribus
1243 1072 1380 1113 exitu}

211 1113 295 1156 hoc
320 1115 479 1155 iudicio
517 1126 805 1172 consequatur.
855 1135 890 1160 c.
923 1134 989 1175 72.
