1431 2481
546 140 598 174 IN
624 139 827 175 VERREM
871 140 982 180 AC‘L
1008 142 1059 176 11.-

198 151 264 186 23ss

197 250 253 293 pe
271 232 540 276 incunabula
553 232 836 287 reperiuntur
855 233 1056 288 deorum,
1077 233 1193 275 mjra
1211 238 1343 290 quae-

198 294 299 333 dam
327 296 418 330 tota
438 288 585 329 Sicilia
605 287 812 344 privatim
831 304 879 330 ac
901 289 1078 345 publice
1097 288 1256 346 religio
1275 298 1342 332 est

197 345 371 389 Cereris
390 344 624 384 Enuensis.
678 342 855 385 Etenim
875 345 1014 386 multa
1040 360 1111 386 sae
1147 360 1169 386 e
1191 345 1343 402 prodi-

195 404 267 457 gia
285 402 373 441 vim
394 399 485 443 eius
504 413 757 454 numenque
777 399 1021 442 declarant:
1041 415 1087 442 m
1138 401 1193 442 tis
1210 416 1340 457 saepe

195 460 243 500 in
272 455 544 498 difficillimis
582 455 714 496 rebus
748 470 952 511 praesens
990 456 1210 498 auxilium
1245 457 1339 498 eius

195 514 393 556 oblatum
422 519 509 566 est,
545 518 592 552 ut
623 509 730 551 haec
757 511 899 553 insula
924 511 978 553 ab
1007 527 1056 553 ea
1083 528 1174 554 non
1193 512 1340 554 solum

197 569 345 624 diligi,
382 567 458 608 sed
487 567 619 607 etiam
640 566 774 607 incoli
803 567 1099 624 custodirique
1126 567 1339 610 videatur.

194 627 291 667 Nec
312 623 455 665 solum
475 622 610 663 Siculi
622 653 634 676 ‚
669 636 823 662 verum
845 623 976 664 etiam
997 632 1166 665 ceterae
1186 632 1340 679 gentes

192 680 479 733 nationesque
515 676 770 719 Eunens‘em
802 677 1010 719 Cererem
1045 679 1239 720 maxime
1266 694 1341 720 co-

190 737 303 779 lunt.
360 734 555 788 Etenim,
584 734 620 774 si
638 732 978 774 Atheniensium
999 749 1135 787 sacra,
1162 749 1338 776 summa

192 791 434 849 cupiditate
465 796 761 845 expetuntur,
806 789 861 829 ad
889 805 995 845 quos
1026 789 1158 831 Ceres
1185 790 1231 831 in
1259 790 1338 832 illo

191 863 344 891 errore
384 846 551 886 venisse
589 844 750 885 dicitur
767 876 779 900 ,
847 844 1083 901 frugesque
1119 845 1337 888 attulisse:

189 911 400 961 quantam
420 915 511 942 esse
530 899 791 956 religionem
806 901 1013 942 convenit
1031 915 1201 954 eorum,
1220 901 1340 957 apud

190 975 298 1017 quos
327 972 424 998 eam
450 964 600 998 natam
620 970 710 997 esse
738 964 781 997 et
807 956 957 1012 fruges
985 957 1201 998 invenisse
1234 971 1339 998 cou-

189 1024 275 1058 stat
286 1013 309 1056 'l
332 1020 350 1042 ¹
390 1013 543 1068 Itaque
571 1012 688 1067 apud
710 1020 856 1067 patres
886 1020 1084 1064 nostros,
1119 1012 1260 1054 atroci
1286 1027 1336 1053 ac

188 1070 361 1114 difficili
389 1068 453 1110 rei
472 1068 673 1124 publicae
692 1076 916 1124 tempore,
945 1083 1082 1124 quum
1110 1068 1150 1109 T
1152 1068 1179 1110 i.
1200 1069 1339 1110 Grac·

188 1129 274 1170 cho
293 1126 462 1179 occiso,
490 1139 759 1179 magnormn
810 1124 1083 1166 ericulorum
1108 1132 1252 1166 metus
1280 1138 1338 1165 ex

188 1182 370 1226 ostentis
388 1181 745 1235 portenderetur,
775 1140 823 1221 lg.
845 1180 998 1221 lssucio
1015 1180 1069 1220 L.
1089 1179 1334 1236 Calpurnio

188 1236 466 1290 consulibus,
494 1236 664 1277 aditum
683 1244 747 1276 est
766 1236 821 1276 ad
843 1236 978 1276 libros
999 1234 1261 1291 Sibyllinos:
1286 1234 1336 1276 in

186 1295 345 1352 quibus
362 1292 592 1333 inventum
611 1298 695 1346 est,
727 1302 956 1332 CERERE
969 1303 1002 1332 M
1027 1302 1335 1340 ANT1QU1s-

186 1362 365 1393 εΙΜΑΜ
407 1358 661 1388 PLACARI
706 1358 1039 1387 OPORTERE.
1076 1360 1080 1365 ’
1124 1346 1245 1387 Tum
1277 1360 1336 1387 ex

185 1404 456 1462 amplissimo
476 1402 662 1458 collegio
682 1401 962 1443 decemvirali
982 1401 1229 1444 sacerdotes
1254 1417 1336 1457 po·

183 1463 280 1521 puli
296 1459 512 1511 Romani,
553 1473 691 1513 quum
722 1465 832 1498 esset
856 1457 905 1498 in
930 1457 1039 1499 urbe
1067 1464 1221 1499 nostra
1251 1458 1336 1498 Ce-

182 1519 294 1561 reris
304 1514 659 1571 pulcherrimum
671 1521 714 1554 et
724 1513 929 1568 magnific
935 1513 1212 1554 entissimum
1221 1520 1335 1555 tem·

181 1576 325 1632 plum,
351 1579 502 1625 tamen
516 1584 653 1625 usque
669 1569 847 1610 Ennam
865 1567 1056 1625 profecti
1070 1576 1184 1610 sunt.
1212 1568 1255 1608 T
1255 1583 1332 1610 an-

181 1639 227 1672 ta
255 1629 374 1670 enim
402 1633 498 1666 erat
533 1624 770 1667 auctoritas
797 1632 842 1665 et
871 1631 1058 1665 vetustas
1083 1624 1203 1665 fflius
1229 1623 1333 1666 reh‘·

180 1685 348 1741 gionis,
385 1689 460 1736 ut,
499 1695 634 1736 quum
665 1680 771 1721 illuc
799 1680 939 1735 irent,
984 1694 1076 1721 non
1104 1679 1160 1720 ad
1178 1679 1332 1722 aedem

182 1740 380 1793 Cereris,
425 1736 502 1778 sed
532 1736 588 1777 ad
612 1736 753 1792 ipsam
784 1735 996 1777 Cererem
1021 1735 1244 1791 proficisci
1268 1734 1331 1776 vie.

181 1798 406 1839 darentur.
481 1793 588 1834 Non
615 1791 861 1832 obtundam
889 1791 1065 1832 diutius.
1148 1789 1329 1832 Etenim

178 1850 472 1895 ia1ndudum2
509 1862 689 1902 vereor,
717 1861 773 1887 ne
794 1847 933 1887 oratio
954 1861 1075 1896 mea,
1112 1845 1255 1886 aliena
1273 1843 1327 1886 ab

177 1907 450 1950 iudiciorum
468 1904 640 1945 ratione
653 1933 665 1957 ,
695 1909 739 1942 et
756 1902 1012 1958 quotidiana
1030 1900 1205 1942 dicendi
1223 1915 1328 1941 con-

178 1962 412 2005 suetudine
432 1974 522 2001 esse
538 1958 751 2002 videatur.
788 1958 890 2000 Hoc
910 1957 1025 2013 dico,
1052 1956 1167 1998 hanc
1186 1955 1327 2013 ipsam

226 2129 259 2164 ι)
283 2125 361 2158 Ern
391 2121 538 2154 mavult
569 2128 720 2154 constet.

220 2175 256 2211 2)
279 2174 383 2202 Ance-
402 2166 625 2200 Lambinum
658 2164 840 2199 edebatur
871 2162 1004 2199 diutius
1031 2174 1133 2199 autes
1173 2171 1326 2203 vestran

176 2214 402 2260 iamdudum„
