1420 2491
177 169 226 210 ω
502 164 560 202 1N
583 164 792 200 VERREM
839 163 955 201 Aer.
977 164 1031 200 ns
1056 158 1058 160 ’

180 257 321 302 semel
349 256 511 300 auditis
536 257 750 313 testibus,
790 257 1078 301 condemnati
1106 263 1237 314 sunt3'
1270 254 1351 313 ne(⁵

177 329 405 372 quaquam
436 321 529 355 tam
554 313 826 366 manifestis,
863 328 1008 370 neque
1035 314 1171 356 tantis
1198 315 1356 359 crimis

179 369 337 425 nibus,
373 370 550 426 quantis
577 378 628 411 tu
659 371 953 412 convinceris.
1037 369 1154 412 Puta
1182 377 1225 412 te
1252 385 1348 415 non

179 424 265 468 hac
293 433 387 467 tam
415 426 581 482 atroci,
625 427 699 468 sed
730 427 807 468 illa
841 427 939 483 lege
975 427 1211 468 mitissima
1245 442 1350 470 cau-

176 496 276 523 sam
305 482 467 524 dicere.
531 482 792 533 Accusab03
828 482 1134 539 respondebis.
1199 482 1348 525 Testi-

179 537 264 580 bus
292 539 444 592 editis,
480 539 541 580 ita
573 539 752 580 mittam
779 540 826 580 in
853 539 1117 594 consilium,
1162 547 1236 595 ut,
1282 547 1348 581 et-

176 593 308 637 iamsi
326 595 403 636 lex
421 595 664 651 ampliandi
691 594 826 637 faciat
859 603 1153 652 potestatem,
1191 603 1347 638 tamen

174 651 253 694 isti
270 659 404 711 turpe
423 651 507 693 sibi
527 651 809 707 existiment,
847 667 939 694 non
959 652 1108 709 primo
1134 651 1348 694 iudicare.

289 763 350 806 X.
377 765 580 821 Verum,
607 764 644 807 si
673 780 850 807 causam
879 765 1090 821 cognosci
1119 779 1231 822 opus
1261 771 1347 822 est,

173 834 399 879 parumne
435 823 617 879 cognita
652 816 751 863 est?
802 822 1172 877 Dissimulamus,
1220 820 1346 862 Hor-

177 878 318 932 tensi,
368 879 487 934 qnod
513 893 641 934 saepe
670 879 846 934 experti
875 879 923 919 in
958 878 1146 919 dict-ndo
1174 886 1346 919 sumus.'

171 933 293 989 Quis
320 949 402 975 nos
421 948 695 991 magnopere
715 934 905 975 attendit
923 948 1161 990 umquam,
1190 934 1237 975 in
1255 932 1344 974 hoc

172 989 361 1046 quidem
397 1005 562 1046 genere
600 1005 867 1045 causarum,
914 989 991 1030 ubi
1033 989 1206 1045 aliquid
1246 1004 1344 1031 ere-

171 1055 304 1104 ptum
318 1078 330 1102 ,
359 1054 435 1087 aut
454 1046 652 1087 ablatum
673 1062 697 1086 a
714 1047 926 1102 quopiam
949 1040 1147 1087 dicitur?
1174 1045 1344 1088 Nonne

171 1110 255 1143 aut
280 1101 329 1143 in
355 1102 543 1157 tabulis,
581 1111 657 1143 ant
679 1102 721 1143 in
739 1102 925 1143 testibus
945 1102 1090 1143 omnis
1109 1109 1343 1158 exspecta-

170 1158 237 1200 tio
265 1158 466 1200 iudicum
496 1153 595 1199 est?
631 1158 742 1199 Dixi
762 1160 907 1212 prima
928 1158 1126 1210 actione,
1152 1173 1224 1198 me
1243 1157 1341 1213 pla-

171 1229 285 1256 num
313 1229 405 1256 esse
431 1213 684 1269 facturum,
722 1214 770 1255 C.
791 1213 986 1255 Verrem
1005 1217 1109 1254 3:135-
1129 1213 1342 1269 quadrin-

170 1270 347 1326 genties
376 1277 534 1311 contra
563 1270 709 1327 legem
739 1270 982 1310 ali-tulisse.
1057 1264 1216 1325 Quid?
1250 1268 1339 1312 hoc

172 1326 352 1383 planius
381 1327 594 1382 egissem,
633 1327 668 1368 si
695 1327 758 1368 ita
791 1321 1076 1367 narrassem?
1124 1324 1213 1367 Dio
1241 1326 1340 1382 qui-

173 1384 280 1425 dam
298 1381 386 1423 fuit
404 1382 660 1437 Halesinusr,
680 1382 753 1439 qui
767 1415 779 1437 ,
794 1382 940 1437 ¹quum
962 1383 1053 1423 eius
1074 1381 1183 1434 filio,
1210 1397 1342 1438 prae-

172 1447 273 1480 tore
294 1438 343 1479 C.
364 1439 605 1481 Sacerdote
619 1472 632 1494 ,
668 1438 891 1480 hereditas
919 1452 942 1478 a
961 1439 1218 1494 propinquo
1237 1453 1341 1495 per-

171 1509 337 1551 magna
364 1495 579 1550 venisset,
616 1495 731 1536 nihil
756 1493 914 1534 habuit
944 1502 1040 1535 tum
1075 1508 1220 1549 neque
1259 1510 1340 1536 ne-

171 1550 308 1608 gotii,
346 1565 490 1607 neque
519 1551 860 1592 emitroversiae.
919 1550 1113 1605 Verres,
1150 1549 1338 1592 simulac

168 1607 319 1662 tetigit
351 1607 664 1664 provinciam,
710 1606 858 1647 statim
887 1607 1128 1660 Masganffl
1185 1606 1339 1648 literas

172 1663 319 1718 dedit3
355 1662 552 1704 Dionem
580 1663 772 1705 evocavit
792 1678 803 1708 ζ
841 1663 1183 1704 calumniatores
1204 1677 1262 1704 ex
1280 1663 1339 1704 si-

169 1735 235 1763 nu
263 1735 343 1760 suo
382 1720 612 1775 apposuit,
659 1720 734 1775 qui
761 1719 886 1760 illam
922 1718 1218 1760 hereditatem
1243 1719 1338 1760 Ve-

169 1776 271 1818 neri
297 1775 522 1831 Erycinae
543 1776 826 1817 commissam
850 1790 940 1816 csse
962 1774 1176 1816 dicerent.
1234 1775 1335 1816 Hac

171 1832 227 1873 de
253 1847 302 1873 re
330 1832 524 1873 ostendit
552 1847 596 1873 se
617 1833 767 1887 ipsum
788 1832 1090 1887 migniturnm.
1147 1831 1337 1873 Possum

171 1888 380 1945 deinceps
407 1895 549 1929 totam
576 1903 674 1929 rem
703 1887 952 1943 (fxplicare3
990 1887 1150 1928 deinde
1177 1887 1233 1928 ad
1259 1901 1339 1928 ex-

170 1952 371 1986 tremum
397 1943 467 1998 id,
510 1945 629 2000 qnod
658 1941 841 1997 accidit,
889 1944 1051 1985 dicere.
1136 1943 1337 1985 Dionem

162 2005 276 2042 :Hfi
304 2000 448 2041 decies
477 2009 664 2041 centena
684 2000 826 2040 millia
845 2014 1128 2055 numerasse,
1165 2007 1215 2040 ut
1233 2014 1339 2040 cau.-

167 2071 265 2098 sam
293 2054 590 2097 certissimam
627 2056 876 2110 obtineret,
924 2063 1159 2112 praeterea
1177 2069 1338 2111 greges

217 2185 251 2222 ι)
278 2182 340 2215 Sic
366 2187 445 2217 iam
464 2182 669 2217 Manutius
697 2191 799 2216 recte
828 2190 1063 2216 correxerat.
1096 2180 1209 2229 Vulg.
1233 2178 1337 2216 Mea-¹

167 2239 309 2264 tanam.
