1416 2480
288 147 432 186 LIBER
456 146 703 195 QUINTUS.
745 145 853 184 GAP.
875 148 936 190 65.
961 147 1022 187 66.
1168 155 1236 199 371

63 244 135 288 cio
163 242 442 296 remittere-⁴13
483 241 520 283 si
556 241 812 306 ignoraret,
859 249 957 284 tum
993 241 1028 284 si
1057 241 1120 285 ita
1147 243 1233 287 tibi

61 300 314 353 videretur,
344 297 429 343 hoc
446 297 557 340 iuris
577 313 624 339 1u
643 312 798 340 omnes
822 298 1139 356 constitueres,
1165 308 1234 357 ut,

62 355 141 414 qui
166 370 312 412 neque
330 353 414 397 tibi
432 362 567 396 notus
601 361 738 407 esset,
775 367 920 410 neque
953 355 1238 410 cognitorem

59 412 336 470 locupletem
364 410 516 463 daret,
559 409 759 466 quamvis
787 409 894 453 civis
912 410 1144 454 Romanus
1167 427 1234 456 e:-

61 476 153 526 set‚
179 469 228 511 in
245 481 427 510 crucem
449 464 699 508 tolleretur.

174 578 352 623 LXVI.
410 578 498 621 Sed
530 577 638 635 quid
677 592 760 635 ego
797 577 931 635 plura
970 579 1026 623 de
1053 577 1236 633 Gavio?

62 637 188 698 quasi
212 644 264 679 tu
285 635 430 677 Gavio
449 643 543 677 tum
564 633 703 676 fueris
724 634 935 692 infestus,
975 651 1026 678 ac
1042 653 1134 680 non
1154 654 1237 682 no·

62 693 202 748 mini,
242 692 423 750 generi,
461 690 551 734 iuri
580 689 746 733 civium
777 691 930 734 hostis.
1005 693 1236 754 Nonrflli,

65 752 274 816 inquam,
313 748 513 802 homini,
561 746 637 788 sed
668 762 826 790 causae
851 751 1082 796 communi
1102 750 1238 795 liber.-

63 814 170 853 tatis
190 805 398 849 inimicus
421 803 555 846 fuisti.
595 802 719 860 Quid
736 803 858 846 enim
878 805 1075 862 attinuit,
1096 821 1237 863 quum

62 860 354 917 Mamertini,
382 875 509 903 more
531 868 664 917 atque
689 860 894 902 instituto
914 876 1022 918 euo,
1053 877 1235 909 crucem

61 920 266 964 fixissent
290 925 393 975 post
423 915 605 972 urbem,
653 916 700 958 in
724 917 792 959 via
819 915 1058 974 Pompeia,
1096 926 1140 961 te
1168 919 1236 962 iu·-

63 976 170 1020 bere
198 976 246 1019 in
275 989 325 1016 ea
356 981 482 1030 parte
508 973 675 1029 figere,
715 988 827 1029 quae
857 973 913 1015 ad
935 972 1105 1018 fretum
1136 990 1236 1033 spe·

62 1040 229 1076 ctaret:
269 1038 313 1073 et
330 1029 418 1073 hoc
438 1029 627 1085 addere,
665 1029 785 1085 quod
805 1044 971 1084 negare
992 1031 1120 1075 nullo
1139 1048 1240 1076 mo-

66 1089 123 1132 do
159 1096 313 1146 potes,
362 1086 481 1151 quod
519 1084 730 1128 omnibus
768 1086 1053 1130 audientibus
1083 1088 1240 1132 dixisti

62 1144 242 1210 palam,
284 1152 327 1186 te
363 1143 529 1185 lecirco
565 1141 697 1183 illum
733 1140 888 1184 locum
920 1142 1140 1200 deligere,
1186 1153 1241 1190 ut

61 1201 165 1257 alle,
236 1200 280 1243 ui
307 1214 352 1241 se
382 1201 525 1242 civem
552 1197 814 1240 Romanum
845 1214 938 1240 esse
959 1198 1150 1258 diceret,
1179 1216 1240 1245 ex

65 1272 201 1300 cruce
254 1257 406 1299 taliam
436 1269 646 1309 cernere,
685 1268 735 1296 ac
765 1256 951 1297 domum
978 1271 1106 1299 suam
1132 1273 1241 1323 pro-

63 1314 238 1372 spicere
263 1306 450 1370 posset?
483 1311 639 1368 Itaque
660 1311 736 1352 illa
765 1326 881 1354 crux
899 1311 1018 1368 sola,
1052 1313 1242 1370 iud1ces‚

99 1377 169 1414 ost
204 1368 434 1413 conditam
473 1368 730 1409 Messanam
768 1367 847 1410 illo
893 1367 995 1411 loco
1029 1368 1124 1413 fixa
1159 1379 1241 1414 est.

91 1425 220 1469 taliae
246 1431 512 1482 conspectus
541 1424 597 1466 ad
618 1438 716 1466 eam
735 1439 832 1466 rem
861 1423 916 1466 ab
934 1423 1021 1467 isto
1039 1426 1240 1471 delectus

63 1490 155 1538 est,
204 1490 256 1525 ut
292 1481 369 1524 ille
406 1479 454 1522 in
493 1479 648 1522 dolore
688 1480 979 1538 cruciatuque
1013 1483 1242 1540 moriens,

62 1545 339 1598 perangusto
361 1536 481 1584 fretu
505 1541 523 1566 ¹
566 1535 705 1579 divisa
730 1536 957 1580 servitutis
985 1551 1035 1580 ac
1060 1538 1245 1591 liberta-

62 1596 122 1638 tis
156 1596 255 1638 iura
296 1601 612 1650 cognosceret3
657 1593 787 1635 Italia
821 1601 974 1634 autem
1004 1594 1244 1638 alumnum

65 1666 223 1705 suum,
266 1649 492 1692 servitutis
523 1656 731 1693 extremo
774 1663 1042 1705 summoque
1071 1651 1247 1708 suppli-

66 1707 137 1749 cio
157 1705 387 1749 affixum²
417 1704 602 1747 videret.
660 1703 848 1746 Facinus
870 1712 958 1760 est,
998 1706 1160 1749 vinciri
1180 1707 1244 1749 ci-

65 1776 169 1807 vem
203 1763 488 1817 Romanum3
540 1760 685 1803 scelus
704 1792 719 1816 ,
780 1759 1044 1818 verberari3
1096 1776 1242 1821 prope

67 1957 181 1995 Certo
209 1969 271 1994 aut
305 1969 465 2006 utroque
494 1958 580 1993 loco
608 1956 794 2004 ponenda
819 1968 908 1992 erac
925 1956 1022 1992 haee
1035 1957 1246 2002 particula,

69 2015 141 2040 aue
156 2016 315 2054 ueroque
332 2006 431 2046 loco,
484 2004 561 2039 uod
579 2005 763 2051 placebat
784 2006 976 2042 Munatio,
999 2004 1225 2044 omittenda.

123 2057 154 2094 ι)
179 2051 275 2087 fretu
307 2049 416 2085 dedic
447 2017 655 2086 gambinus
687 2055 923 2085 auctoritate
963 2049 1081 2084 Gellii
1112 2050 1162 2085 N.
1185 2051 1246 2095 ,A-

72 2096 187 2138 1111,
211 2109 264 2145 ¹9.
295 2107 331 2131 ec
349 2098 557 2132 Prisciani.
592 2097 722 2145 Afferc
749 2098 868 2131 eciam
887 2095 1038 2130 Lucrec.
1051 2095 1082 2130 1.
1117 2099 1250 2130 Antea

73 2142 260 2180 edebatur
281 2143 391 2177 freto.
865 2165 869 2167 Δ

118 2189 161 2235 2)
187 2191 248 2225 διε
280 2187 371 2224 edd.
400 2198 498 2222 vete.
533 2188 680 2227 Victor,
708 2198 744 2222 et
770 2187 886 2222 habet
908 2187 1059 2222 Nonius
1085 2185 1252 2226 Marcel-

75 2235 135 2270 lu
151 2248 193 2275 v.
214 2235 398 2270 alumnus.
448 2235 695 2271 amentiores
715 2232 908 2282 quaedam
923 2231 1117 2270 affectum.
