1416 2480
244 128 300 164 m
321 121 437 164 ACT.
461 127 511 162 11.
539 125 594 162 IN
618 125 833 160 VERREM.
866 126 954 164 LIB.
973 126 1002 160 1.
1141 134 1209 169 '535

65 227 268 279 acciperet
286 225 337 264 ab
357 222 591 263 adversario
618 222 714 263 satis
740 236 815 274 pro
841 221 988 273 praede
1008 222 1092 260 litis
1112 222 1209 260 vin-

65 283 284 330 diciarum,
320 287 360 318 et
384 280 471 331 ipse
500 277 758 331 sponsionem
786 280 957 325 faceret,
997 284 1038 315 et
1073 278 1129 316 ita
1157 281 1207 316 de

65 337 289 377 hereditate
318 342 504 375 certaret.
562 334 628 380 Lis
652 335 926 372 vindici-„irum
954 340 1034 380 est,
1080 347 1206 384 quum

63 393 247 445 litigatur
273 390 321 431 de
341 407 386 430 ea
405 404 450 430 re
468 391 576 444 apud
597 389 842 432 Praetorem,
870 391 984 427 cuius
1004 389 1206 428 incertum

65 456 147 495 est,
173 448 263 500 quis
283 449 425 486 debeat
444 459 530 485 esse
550 460 776 498 possessor,
811 452 852 483 et
878 447 991 494 idco,
1019 447 1086 496 qui
1117 459 1205 485 eam

64 510 189 554 tenet,
217 504 386 542 satisdat
402 517 476 556 pro
497 502 644 554 praede
663 502 746 539 litis
768 502 1037 539 vindiciarum
1058 503 1205 541 adver-

63 561 171 603 sario
189 574 282 609 suo,
311 573 389 612 quo
410 560 472 597 illi
492 559 736 606 satisfaciat,
764 557 870 594 nihil
891 571 931 594 se
964 558 1140 596 deterius
1158 560 1205 598 in

62 615 313 668 possessione
358 616 562 654 facturum
582 644 593 663 ,
646 614 695 651 de
739 626 818 664 qua
864 613 1042 664 iurgium
1090 622 1204 653 esset.

64 674 218 710 Rursus
244 673 458 724 sponsione
485 671 571 722 ipse
598 667 763 722 provoc'
780 675 845 706 tur
881 670 930 707 ab
969 669 1203 709 adversario

66 734 197 766 certae
214 729 432 780 pecuniae,
459 732 530 764 aut
549 725 859 772 aestimationis,
888 738 1006 776 quam
1031 727 1203 774 amittat,

63 784 106 821 ni
128 797 199 821 sua
217 785 270 822 sit
287 783 502 830 hereditas,
522 782 571 819 de
589 796 666 833 qua
688 781 908 819 contendit.
946 780 1117 820 Pracdes
1137 796 1204 819 er-

64 853 115 890 go
139 839 333 877 dicuntur
358 840 616 876 satisdatores
643 836 884 888 locupleteS,
928 850 1002 888 pro
1038 850 1104 885 re,
1152 838 1202 880 de

64 908 142 945 qua
171 895 279 948 apud
306 895 481 932 iudicem
508 894 557 931 lis
578 900 658 940 est,
699 906 750 931 ne
777 892 952 939 interea,
979 893 1049 948 qui
1072 899 1202 942 tenet,

65 951 248 989 diflidens
277 965 437 997 causae,
468 950 756 1002 possessionem
785 948 1027 986 deteriorem
1058 948 1204 1000 ficiat,

62 1012 170 1044 tecta
191 1007 379 1059 dissipet,
405 1006 567 1044 excidat
587 1007 769 1053 arbores,
792 1010 832 1041 et
850 1005 959 1044 culta
978 1005 1149 1044 deserat.

174 1083 216 1123 si
232 1096 466 1137 possessor
481 1083 778 1137 sponsionem
794 1094 890 1120 non
892 1079 1072 1137 faciet]
1094 1085 1202 1132 Sub*

62 1140 229 1179 auditur
247 1150 312 1179 esc
323 1154 338 1185 ;
364 1141 442 1179 hoc
461 1148 541 1190 est,
561 1141 596 1178 si
613 1153 816 1194 possessor
834 1145 914 1189 est,
942 1141 1200 1198 sponsionem

59 1208 146 1234 non
166 1197 303 1235 faciet.

174 1260 290 1319 quid
308 1260 361 1302 id
380 1259 445 1313 ad
458 1263 740 1319 praetorem]
765 1264 872 1303 Bene
891 1265 1009 1304 dixit.
1065 1267 1200 1314 Quum

62 1322 171 1358 enim
196 1320 398 1359 incertum
425 1322 497 1369 sit,
545 1321 657 1359 cuius
694 1321 837 1359 debeat
871 1335 955 1359 esse
981 1327 1198 1374 possessio,

63 1385 135 1414 cur
156 1383 316 1427 praetor
337 1377 465 1425 dicat,
496 1378 529 1414 si
549 1390 752 1429 possessor
770 1384 841 1423 est,
869 1379 983 1428 quasi
1003 1380 1082 1417 iam
1101 1394 1200 1432 pro-,-

63 1432 222 1470 bau-erit
243 1446 508 1484 possessorem
529 1448 612 1471 esse
633 1446 738 1481 eum,
767 1434 835 1484 qui
854 1434 1093 1473 incubavit?
1122 1437 1199 1483 Er-

60 1501 109 1539 go
132 1502 155 1525 a
181 1501 262 1538 quo
290 1490 466 1539 pretium
493 1490 667 1541 accepit,
691 1503 958 1540 possessorem
984 1491 1102 1530 iilum
1121 1506 1198 1530 vo-

60 1550 146 1592 cat,
177 1550 216 1582 et
235 1551 346 1583 vetat
365 1559 456 1583 eum
478 1546 609 1584 facere
627 1546 884 1596 sponsionem
897 1576 906 1593 ,
943 1554 985 1585 et
1001 1562 1126 1598 quum
1147 1550 1199 1593 in

57 1599 350 1649 possessionem
381 1603 543 1640 mittere
572 1608 737 1652 praetor
764 1602 849 1652 ipse
867 1603 1052 1653 deberet,
1078 1619 1198 1660 ,quem

59 1657 242 1693 nondum
261 1657 391 1707 misit,
427 1658 507 1696 iam
525 1671 794 1710 possessorem
820 1661 1011 1710 appellat.
1092 1662 1095 1667 “

170 1730 298 1788 -Ergo
320 1734 432 1789 quia
448 1747 681 1791 possessor
702 1745 768 1774 esc
798 1750 893 1775 non
913 1750 1072 1779 moves
1089 1755 1197 1795 pos.

57 1789 280 1839 sessione,
313 1790 355 1829 si
380 1802 613 1844 possessor
640 1805 736 1830 non
764 1802 893 1837 esset,
926 1807 1023 1834 non
1043 1795 1194 1852 dares]

60 1844 321 1889 Contrarium
358 1850 504 1899 posuit,
542 1855 589 1886 ut
626 1851 855 1889 ostenderet
892 1851 1193 1903 improbitatem

52 1901 273 1952 gratificati
286 1903 503 1942 Praetoris.
558 1904 661 1957 Ergo
689 1919 764 1943 nec
792 1906 969 1958 adimere
994 1909 1070 1959 titii
1098 1913 1195 1952 licet

56 1958 346 2014 possessionem
373 1961 607 2009 incubanti,
649 1975 723 1999 nec
751 1962 844 2001 dare
872 1964 961 2014 iure
987 1970 1194 2028 poscenti3

57 2012 165 2070 quod
198 2026 322 2064 quum
358 2023 577 2068 utrumque
614 2016 702 2057 fieri
733 2025 938 2070 oporteat,
983 2012 1055 2072 eiiij
1082 2023 1194 2073 hun-e

55 2071 322 2117 possessorem
342 2073 545 2122 nominas,
587 2087 608 2110 a
630 2088 709 2124 quo
729 2082 944 2127 corruptus
974 2078 1043 2116 es'?
1078 2082 1193 2130 quasi

55 2134 168 2184 epm,
204 2123 297 2184 quia
325 2141 528 2178 possessor
555 2129 725 2182 dicitur,
763 2145 926 2186 movere
956 2133 1016 2191 dne..
1035 2138 1190 2192 posses,-

51 2190 164 2218 sione
183 2192 266 2222 nou
288 2195 433 2234 posses.
939 2203 944 2209 ·
1165 2189 1168 2193 ’
