1431 2481
192 138 264 173 50⁷·
525 129 586 164 IN
610 129 819 165 VERREM
843 131 957 167 ACT.
983 132 1036 168 11.

195 229 450 279 oporteret:
487 221 533 263 id
562 237 738 278 quoque
765 238 931 266 munus
957 225 1058 268 leve
1086 232 1218 283 atque
1246 233 1372 281 com'·

194 294 333 321 mune
363 278 650 319 Mamertinis
679 280 903 322 remisisti.
968 281 1129 339 Dices,
1164 281 1371 327 frumen-

192 343 292 376 tum
320 334 622 375 Mamertinos
646 349 740 376 non
769 336 945 378 debere.
1003 338 1246 390 Quomodo
1274 355 1371 384 non

194 384 393 431 debere?
429 405 508 445 an,
538 397 590 431 ut
611 406 667 432 ne
695 389 977 436 venderent?
1004 409 1098 436 non
1125 396 1247 438 enim
1273 405 1371 440 erat

193 446 283 488 hoc
313 461 454 502 genus
482 446 705 488 frumenti
734 462 791 488 ex
819 463 872 489 eo
897 465 1088 507 genere,
1131 453 1250 508 quod
1273 454 1369 495 exi-

194 511 404 559 geretur,
442 503 519 544 sed
547 517 605 544 ex
633 518 711 558 eo,
747 503 871 559 quod
896 515 1136 552 emeretur.
1195 509 1263 551 Te
1284 509 1370 566 igi·

192 568 268 601 tur
297 568 479 601 auctore
508 567 551 601 et
577 558 852 616 interprete,
895 577 952 603 ne
977 563 1080 605 foro
1113 564 1295 620 quidem
1323 575 1370 608 et

194 624 451 657 commeatu
473 615 741 657 Mamertini
769 618 992 673 populum
1011 619 1272 663 Romanum
1301 622 1369 664 iu-

192 686 299 715 vare
335 672 601 713 debuerunt.
687 671 816 727 Quae
855 676 1038 717 tandem
1073 677 1227 718 civitas
1255 678 1367 735 fuit,

194 743 308 784 quae
339 724 557 769 deberet?
597 728 689 783 Qui
708 728 913 783 publicos
937 746 1068 788 agros
1086 742 1238 789 arant,
1271 750 1368 776 eer-

192 793 295 825 tum
324 792 413 839 est,
452 784 559 839 quid
590 798 648 825 ex
672 784 771 840 lege
799 788 1002 829 censoria
1030 787 1136 829 dare
1160 788 1367 832 debeant.

192 841 289 882 Cur
316 840 370 882 iis
395 841 638 895 qui-tiquam
657 848 890 896 prae-terea
909 857 966 883 ex
986 844 1072 885 alio
1091 849 1258 901 *genere
1279 847 1368 888 im·-

193 897 406 952 peravisti
422 892 444 938 '2
475 896 599 951 Quid
612 892 635 937 ἶ)
674 897 910 942 decumani
930 915 1041 942 num
1060 900 1168 955 quid
1185 910 1367 958 praeter

189 953 387 1009 singulas
419 953 629 994 decumas
668 967 725 993 ex
761 952 860 1009 lege
887 954 1136 998 Hieronica
1165 952 1368 1006 debent?

190 1024 282 1051 cur—
302 1009 564 1065 iis‘quoque
593 1008 810 1063 statuisti,
846 1019 1066 1066 quantum
1095 1027 1155 1053 ex
1182 1013 1270 1055 hoc
1290 1030 1368 1071 ge-

189 1065 543 1111 nerefrumenti
560 1065 702 1121 empti
717 1061 911 1108 darent?
933 1067 1056 1123 Quid
1067 1063 1116 1111 2¹
1149 1070 1241 1121 Qui
1260 1077 1366 1112 sunt

190 1123 443 1176 immunes,
482 1121 512 1162 ii
534 1130 654 1162 certe
683 1121 799 1163 nihil
830 1123 1008 1165 debent.
1083 1125 1147 1167 At
1176 1125 1242 1167 his
1261 1137 1362 1169 ‘non
1406 1176 1407 1179 Ἴ

188 1178 328 1219 modo
356 1178 611 1234 imperasti:
646 1192 806 1220 verum
834 1178 994 1236 etiam,
1040 1196 1129 1237 quo
1156 1181 1258 1237 plus
1288 1182 1366 1224 da-

189 1242 317 1288 rent,
363 1249 500 1291 quam
534 1240 772 1289 poteraut,
819 1234 931 1276 haec
968 1251 1192 1291 sexagena
1219 1237 1365 1280 millia

190 1291 421 1346 modium,
450 1305 562 1346 quae
584 1289 872 1332 Mamertinis
900 1293 1161 1348 remiseras,
1191 1293 1365 1335 addidi-

190 1347 260 1389 sti.
319 1346 480 1402 Neque
509 1346 596 1387 hoc
626 1346 748 1387 dico:
789 1347 948 1388 ceteris
968 1362 1061 1389 non
1080 1356 1202 1390 recte
1221 1349 1366 1406 impe-

187 1410 341 1446 ratum
359 1417 463 1444 esse.
522 1402 835 1458 Mamertinis,
848 1412 865 1433 2
896 1404 971 1460 qui
991 1412 1120 1445 erant
1137 1404 1186 1447 in
1204 1406 1362 1448 eadem

189 1473 337 1514 causa,
366 1459 526 1515 quibus
546 1459 800 1513 superiores
813 1474 967 1501 omnes
980 1468 1228 1516 praetores,
1249 1461 1363 1504 item

188 1522 242 1556 ut
270 1515 453 1569 ceteris,
493 1515 829 1570 imperarant,3
863 1515 1191 1571 pecuniamque
1212 1531 1270 1558 ex
1295 1533 1363 1559 se-

187 1578 319 1612 natus
339 1569 545 1611 consulto
566 1578 610 1610 et
630 1584 687 1609 ex
704 1569 803 1625 lege
826 1570 1141 1627 dissolverant,
1167 1571 1237 1614 his
1258 1573 1361 1616 dico

187 1642 282 1668 non
309 1633 430 1667 recte
459 1626 712 1667 remissum.
768 1625 852 1681 Et,
889 1634 941 1667 ut
966 1626 1053 1668 hoc
1073 1627 1362 1685 beneficium,

191 1682 575 1738 quemadmodum
597 1682 786 1736 dicitur,
831 1682 996 1723 trabali
1024 1682 1150 1725 clavo
1176 1683 1360 1740 figeret,

188 1753 294 1779 cum
313 1738 500 1780 consilio
513 1752 692 1779 causam
711 1738 1098 1780 Mamertinorum
1115 1741 1362 1798 cognoscit,

188 1801 233 1835 et
260 1795 314 1836 de
343 1795 517 1836 consilii
539 1794 760 1836 sententia
776 1793 1064 1836 Mamertinis
1083 1810 1129 1837 se
1154 1796 1361 1838 frumen-

235 1969 269 2006 ι)
301 1965 423 2011 Vulgo
452 1965 559 2000 abest
581 1964 705 2010 Quid?
731 1965 868 2000 Lamb.
898 1979 919 1999 e
947 1965 1033 2006 cod,
1091 1964 1192 2011 Quid
1225 1964 1358 2000 immu-

186 2010 284 2045 nes?
309 2009 347 2043 hi
369 2021 468 2045 certe
488 2031 534 2037 —
556 2014 700 2056 Aptius
719 2013 846 2045 visum
866 2022 923 2046 esc
942 2011 1090 2045 addere
1110 2009 1228 2059 quid?
1255 2011 1359 2059 quod

169 2056 308 2104 facile
331 2062 459 2102 potuit
479 2057 669 2096 excidere,

232 2105 273 2148 2)
307 2102 389 2136 Cod
431 2104 512 2140 Urs.
541 2113 577 2136 ec
602 2104 734 2142 Lamb,
780 2103 856 2138 Sed
875 2103 1125 2138 Mamertinis.

228 2157 265 2190 3)
291 2151 377 2182 scil.
395 2147 641 2192 frumentum
676 2149 779 2198 quod
807 2160 924 2196 certo*
948 2152 1075 2198 precio
1107 2151 1253 2199 populo
1279 2151 1358 2190 Ro-

187 2207 302 2231 mano
332 2193 559 2230 venderem.
972 2198 975 2200 “
