1420 2491
191 158 257 201 ’568
487 156 546 191 {N
574 153 687 189 Ac'r.
708 154 738 188 1.
765 151 822 189 IN
847 151 1054 188 VERREM

299 264 408 293 mea
430 248 706 305 diligencia]
736 250 832 301 quia
859 250 989 287 malos
1010 249 1216 286 tenebant.

303 308 587 349 renunciata
617 316 685 346 esc
713 314 819 344 cota
846 302 1127 354 conductio]
1177 304 1354 342 Redem-

189 368 279 425 ptio
305 367 588 419 corruptelae,
615 365 660 402 id
686 370 767 412 est,
797 368 1005 414 equestres
1033 362 1230 413 pecunias
1257 362 1354 400 red·

190 425 399 464 diderunt.

304 475 603 527 renunciata]
622 475 858 528 repudiata,
886 474 955 513 vel
973 479 1131 526 negata.

301 532 585 584 conductio)
613 533 854 584 redemptio.

298 589 551 650 praeclare
571 602 618 628 se
638 588 726 639 res]
748 590 868 636 Bene,
898 585 1122 625 commode.

305 646 460 688 libelli
490 645 738 685 nominum
760 641 1040 693 vestrorum]
1089 642 1269 681 Nomina
1286 642 1355 681 iu-

190 706 331 747 dicum
358 707 403 743 in
430 706 523 741 aibo
552 703 717 755 publice
745 701 1076 748 sustinebantur,
1121 701 1192 750 qui
1233 700 1277 738 in
1304 713 1353 737 eo

189 770 327 803 esseut
347 761 501 800 iudicio
523 759 659 798 futuri
677 758 845 796 iudices.
902 756 966 793 Ex
995 769 1043 793 eo
1063 756 1177 803 albo,
1204 757 1354 806 quibus

186 827 278 859 erat
299 832 421 857 curae
442 817 492 854 de
511 815 749 868 integritate
770 812 918 851 iudicii
935 812 1105 849 nomina
1130 813 1353 850 transscri-

185 878 360 921 bebant,
398 880 440 912 et
469 873 581 925 apud
606 886 649 910 se
679 871 897 912 tenebant,
941 872 990 905 ut
1017 874 1185 918 possent
1211 881 1354 915 nosse,

186 933 290 985 quid
309 945 437 982 aequo
456 930 620 982 negotio
640 928 886 966 iudicarent.
942 923 1056 962 Dicit
1072 924 1211 976 itaque
1229 923 1355 962 huius

186 989 351 1028 consilii
377 987 563 1026 iudicum
586 985 756 1024 nomina
777 983 823 1021 in
852 981 1038 1019 omnium
1067 981 1259 1019 manibus
1285 993 1354 1018 re-

186 1053 303 1085 tenta
324 1047 426 1084 bene
455 1043 679 1081 scientibus
707 1039 1014 1093 approbatarne
1035 1036 1197 1090 possint
1215 1035 1354 1088 aliqua

184 1103 359 1144 ratione!
384 1097 549 1138 mutari.

303 1166 442 1207 nulla
470 1165 612 1216 noca]
640 1165 685 1204 id
712 1169 774 1201 est
799 1162 917 1202 varia
937 1174 1044 1200 cera.
1078 1160 1192 1199 Fecit
1211 1164 1352 1199 autem

186 1226 376 1277 corrupti
411 1224 554 1262 iudicii
594 1221 847 1260 mentionem
871 1220 921 1257 ab
949 1217 1193 1265 Hortensio,
1239 1214 1353 1267 quod

183 1295 311 1335 supra
342 1279 599 1320 memoravit.

302 1346 464 1388 nullus
488 1344 649 1387 color,
681 1337 847 1381 nullae
868 1336 1048 1392 sordes]
1076 1338 1268 1391 Figuram
1286 1337 1352 1376 se-

184 1407 244 1446 cit
269 1407 315 1444 in
334 1404 603 1443 Hortensium
631 1400 680 1438 de
701 1399 899 1437 Varronis
926 1397 1080 1435 iudicio
1110 1392 1352 1432 consobrini

185 1465 273 1503 eius
285 1493 296 1512 ‚
324 1461 435 1513 quod
453 1458 726 1498 discoloribus
749 1456 851 1493 ceris
871 1454 1074 1491 iudicium
1095 1450 1303 1502 corrupit„

300 1526 447 1568 allini
474 1524 627 1583 posse]
661 1523 826 1570 induci,
864 1520 1104 1569 inhaerere,
1142 1517 1352 1569 congluti-

183 1587 290 1627 nari.
336 1585 424 1622 Mos
444 1589 532 1622 erat
557 1582 744 1620 iudicum
762 1579 933 1616 nomina
958 1577 1110 1615 libellis
1131 1574 1278 1622 scribi,
1310 1574 1354 1612 et

183 1644 277 1683 dari
307 1655 381 1695 per
411 1640 590 1691 singulas
620 1637 773 1683 tribus,
817 1642 864 1672 ut
894 1634 1051 1671 scirent
1079 1631 1352 1670 iudicaturos.

182 1700 274 1739 Hoc
301 1704 438 1737 autem
466 1697 518 1733 ad
546 1693 828 1746 integritatem
857 1690 1045 1728 iudicum
1062 1688 1155 1727 fi'eri
1171 1685 1350 1734 solebat,

182 1757 256 1808 qui
275 1761 387 1794 metu
404 1753 550 1805 populi
569 1748 780 1799 corrumpi
799 1747 971 1785 minime
991 1745 1212 1784 audebant.

294 1833 358 1861 ex
378 1818 536 1859 alacri
557 1826 700 1872 acque
719 1813 866 1865 laeto]
887 1813 1056 1861 Laetus,
1075 1812 1238 1859 animo3
1262 1808 1351 1846 ala-

181 1894 271 1929 cer,
302 1885 421 1917 motu
439 1875 636 1927 corporis.
681 1873 762 1920 Qui
781 1869 1030 1910 ambulando
1050 1880 1196 1905 manus
1224 1866 1354 1904 iactat

180 1938 343 1975 alarum
362 1936 408 1972 in
426 1932 615 1982 modum,
651 1930 722 1968 ille
752 1928 923 1981 proprie
944 1926 1079 1963 alacer
1098 1922 1267 1961 dicitur.

294 2010 487 2057 repente
506 2010 569 2038 ex
589 1994 762 2046 alacri]
791 1996 926 2032 alacer
946 2000 1034 2031 tam
1051 1990 1173 2032 fortis
1184 2019 1196 2040 ‚
1225 1998 1350 2042 quam
1392 2021 1395 2023 .

180 2060 325 2109 velox,
363 2064 409 2096 ut
427 2058 520 2096 ille:
567 2050 726 2106 (Virg.
750 2047 861 2089 XII.
885 2046 997 2101 337.)

272 2123 387 2159 equos
411 2110 564 2143 alacres
590 2105 719 2140 media
742 2106 839 2139 inter
861 2101 1017 2149 praelia
1046 2098 1210 2135 Turnus.

290 2180 435 2227 atque
464 2166 660 2211 humilis
688 2161 871 2214 animo]
900 2162 997 2215 quia
1025 2159 1190 2201 redffita
1217 2158 1257 2196 ei
1274 2169 1351 2209 pe-

180 2231 302 2271 cunia
325 2230 477 2269 suerat.

1144 2271 1241 2324 Cap.
1262 2268 1349 2311 VII.
