<?xml version="1.0" encoding="UTF-8"?>
<!DOCTYPE html PUBLIC "-//W3C//DTD XHTML 1.0 Transitional//EN"
    "http://www.w3.org/TR/xhtml1/DTD/xhtml1-transitional.dtd">
<html xmlns="http://www.w3.org/1999/xhtml" xml:lang="en" lang="en">
 <head>
  <title>
</title>
<meta http-equiv="Content-Type" content="text/html;charset=utf-8" />
  <meta name='ocr-system' content='tesseract 3.04.00' />
  <meta name='ocr-capabilities' content='ocr_page ocr_carea ocr_par ocr_line ocrx_word'/>
</head>
<body>
  <div class='ocr_page' id='page_1' title='image "./operaquaesupersu05ciceuoft/operaquaesupersu05ciceuoft_0736.png"; bbox 0 0 1431 2481; ppageno 0'>
   <div class='ocr_carea' id='block_1_1' title="bbox 196 140 1105 202">
    <p class='ocr_par' dir='ltr' id='par_1_1' title="bbox 196 140 1105 202">
     <span class='ocr_line' id='line_1_1' title="bbox 196 140 1105 202; baseline -0.012 0"><span class='ocrx_word' id='word_1_1' title='bbox 196 165 263 202; x_wconf 77' lang='lat'>338</span> <span class='ocrx_word' id='word_1_2' title='bbox 504 155 568 192; x_wconf 83' lang='grc' dir='ltr'>-ιΝ</span> <span class='ocrx_word' id='word_1_3' title='bbox 594 147 802 191; x_wconf 69' lang='lat' dir='ltr'>VERREM</span> <span class='ocrx_word' id='word_1_4' title='bbox 848 155 962 192; x_wconf 77' lang='lat' dir='ltr'>Acr.</span> <span class='ocrx_word' id='word_1_5' title='bbox 991 155 1042 192; x_wconf 89' lang='lat'>11.</span> <span class='ocrx_word' id='word_1_6' title='bbox 1101 140 1105 167; x_wconf 63' lang='lat'><em>³</em></span> 
     </span>
    </p>
   </div>
   <div class='ocr_carea' id='block_1_2' title="bbox 182 239 1430 419">
    <p class='ocr_par' dir='ltr' id='par_1_2' title="bbox 182 239 1430 419">
     <span class='ocr_line' id='line_1_2' title="bbox 182 239 1430 308; baseline 0 -17"><span class='ocrx_word' id='word_1_7' title='bbox 182 249 474 308; x_wconf 75' lang='lat' dir='ltr'>ferirentur.</span> <span class='ocrx_word' id='word_1_8' title='bbox 561 249 634 291; x_wconf 87' lang='lat' dir='ltr'>Ne</span> <span class='ocrx_word' id='word_1_9' title='bbox 670 249 839 306; x_wconf 82' lang='lat' dir='ltr'>multa,</span> <span class='ocrx_word' id='word_1_10' title='bbox 884 249 1056 291; x_wconf 87' lang='lat' dir='ltr'>iudices</span> <span class='ocrx_word' id='word_1_11' title='bbox 1079 263 1092 305; x_wconf 80' lang='lat'>3</span> <span class='ocrx_word' id='word_1_12' title='bbox 1136 247 1368 307; x_wconf 72' lang='lat' dir='ltr'>libertate,v</span> <span class='ocrx_word' id='word_1_13' title='bbox 1428 239 1430 243; x_wconf 40' lang='grc'>’</span> 
     </span>
     <span class='ocr_line' id='line_1_3' title="bbox 201 305 1369 363; baseline 0.002 -17"><span class='ocrx_word' id='word_1_14' title='bbox 201 320 337 362; x_wconf 87' lang='lat' dir='ltr'>quam</span> <span class='ocrx_word' id='word_1_15' title='bbox 364 320 445 348; x_wconf 84' lang='lat' dir='ltr'>vos</span> <span class='ocrx_word' id='word_1_16' title='bbox 473 306 604 347; x_wconf 83' lang='lat' dir='ltr'>sociis</span> <span class='ocrx_word' id='word_1_17' title='bbox 634 305 843 363; x_wconf 79' lang='lat' dir='ltr'>dedistiS,</span> <span class='ocrx_word' id='word_1_18' title='bbox 881 307 967 348; x_wconf 88' lang='lat' dir='ltr'>hac</span> <span class='ocrx_word' id='word_1_19' title='bbox 994 305 1074 347; x_wconf 90' lang='lat' dir='ltr'>ille</span> <span class='ocrx_word' id='word_1_20' title='bbox 1098 307 1149 348; x_wconf 89' lang='lat' dir='ltr'>in</span> <span class='ocrx_word' id='word_1_21' title='bbox 1179 306 1369 348; x_wconf 81' lang='lat' dir='ltr'>acerbis-</span> 
     </span>
     <span class='ocr_line' id='line_1_4' title="bbox 200 361 1366 419; baseline 0 -15"><span class='ocrx_word' id='word_1_22' title='bbox 200 364 313 406; x_wconf 74' lang='lat' dir='ltr'>simo</span> <span class='ocrx_word' id='word_1_23' title='bbox 325 363 549 419; x_wconf 87' lang='lat' dir='ltr'>supplicio</span> <span class='ocrx_word' id='word_1_24' title='bbox 570 361 847 404; x_wconf 77' lang='lat' dir='ltr'>miserrimae</span> <span class='ocrx_word' id='word_1_25' title='bbox 867 363 1093 404; x_wconf 82' lang='lat' dir='ltr'>servitutis</span> <span class='ocrx_word' id='word_1_26' title='bbox 1114 361 1276 404; x_wconf 89' lang='lat' dir='ltr'>abusus</span> <span class='ocrx_word' id='word_1_27' title='bbox 1287 370 1366 404; x_wconf 84' lang='lat' dir='ltr'>est.</span> 
     </span>
    </p>
   </div>
   <div class='ocr_carea' id='block_1_3' title="bbox 198 440 1388 2019">
    <p class='ocr_par' dir='ltr' id='par_1_3' title="bbox 200 440 1388 1328">
     <span class='ocr_line' id='line_1_5' title="bbox 268 440 1373 490; baseline 0.001 -7"><span class='ocrx_word' id='word_1_28' title='bbox 268 441 447 484; x_wconf 92' lang='lat' dir='ltr'><strong>XLIV.</strong></span> <span class='ocrx_word' id='word_1_29' title='bbox 466 441 752 483; x_wconf 80' lang='lat' dir='ltr'>condemnat</span> <span class='ocrx_word' id='word_1_30' title='bbox 762 455 918 483; x_wconf 89' lang='lat' dir='ltr'>omnes</span> <span class='ocrx_word' id='word_1_31' title='bbox 930 442 984 484; x_wconf 90' lang='lat' dir='ltr'>de</span> <span class='ocrx_word' id='word_1_32' title='bbox 996 440 1175 484; x_wconf 76' lang='lat' dir='ltr'>consilii</span> <span class='ocrx_word' id='word_1_33' title='bbox 1187 448 1373 490; x_wconf 21' lang='lat' dir='ltr'>senten-⁴</span> 
     </span>
     <span class='ocr_line' id='line_1_6' title="bbox 200 497 1376 554; baseline 0.003 -16"><span class='ocrx_word' id='word_1_34' title='bbox 200 499 282 540; x_wconf 80' lang='lat' dir='ltr'>tia:</span> <span class='ocrx_word' id='word_1_35' title='bbox 301 505 456 539; x_wconf 84' lang='lat' dir='ltr'>tamen</span> <span class='ocrx_word' id='word_1_36' title='bbox 475 511 620 553; x_wconf 82' lang='lat' dir='ltr'>neque</span> <span class='ocrx_word' id='word_1_37' title='bbox 639 497 721 538; x_wconf 83' lang='lat' dir='ltr'>iste</span> <span class='ocrx_word' id='word_1_38' title='bbox 740 497 787 538; x_wconf 92' lang='lat' dir='ltr'>in</span> <span class='ocrx_word' id='word_1_39' title='bbox 808 505 935 540; x_wconf 84' lang='lat' dir='ltr'>tanta</span> <span class='ocrx_word' id='word_1_40' title='bbox 951 513 1015 554; x_wconf 85' lang='lat' dir='ltr'>re,</span> <span class='ocrx_word' id='word_1_41' title='bbox 1037 505 1106 539; x_wconf 85' lang='lat' dir='ltr'>tot</span> <span class='ocrx_word' id='word_1_42' title='bbox 1127 499 1376 547; x_wconf 80' lang='lat' dir='ltr'>hominum,</span> 
     </span>
     <span class='ocr_line' id='line_1_7' title="bbox 201 550 1367 612; baseline 0.002 -18"><span class='ocrx_word' id='word_1_43' title='bbox 201 561 360 612; x_wconf 76' lang='lat' dir='ltr'>totque</span> <span class='ocrx_word' id='word_1_44' title='bbox 388 550 555 595; x_wconf 77' lang='lat' dir='ltr'>civium</span> <span class='ocrx_word' id='word_1_45' title='bbox 584 568 738 610; x_wconf 76' lang='lat' dir='ltr'>eausa,</span> <span class='ocrx_word' id='word_1_46' title='bbox 766 553 816 595; x_wconf 91' lang='lat' dir='ltr'>P.</span> <span class='ocrx_word' id='word_1_47' title='bbox 839 553 1053 597; x_wconf 83' lang='lat' dir='ltr'>Vettium</span> <span class='ocrx_word' id='word_1_48' title='bbox 1072 555 1128 597; x_wconf 82' lang='lat' dir='ltr'>ad</span> <span class='ocrx_word' id='word_1_49' title='bbox 1156 569 1202 596; x_wconf 88' lang='lat' dir='ltr'>se</span> <span class='ocrx_word' id='word_1_50' title='bbox 1223 569 1367 598; x_wconf 84' lang='lat' dir='ltr'>arces-</span> 
     </span>
     <span class='ocr_line' id='line_1_8' title="bbox 204 610 1370 666; baseline 0.003 -16"><span class='ocrx_word' id='word_1_51' title='bbox 204 611 284 665; x_wconf 84' lang='lat' dir='ltr'>sit,</span> <span class='ocrx_word' id='word_1_52' title='bbox 324 617 608 666; x_wconf 83' lang='lat' dir='ltr'>quaestorem</span> <span class='ocrx_word' id='word_1_53' title='bbox 635 624 792 666; x_wconf 82' lang='lat' dir='ltr'>suum,</span> <span class='ocrx_word' id='word_1_54' title='bbox 841 610 968 651; x_wconf 83' lang='lat' dir='ltr'>cuius</span> <span class='ocrx_word' id='word_1_55' title='bbox 1001 610 1190 653; x_wconf 85' lang='lat' dir='ltr'>consilio</span> <span class='ocrx_word' id='word_1_56' title='bbox 1219 616 1370 653; x_wconf 76' lang='lat' dir='ltr'>utere·-</span> 
     </span>
     <span class='ocr_line' id='line_1_9' title="bbox 203 666 1369 724; baseline 0 -17"><span class='ocrx_word' id='word_1_57' title='bbox 203 674 303 722; x_wconf 61' lang='lat' dir='ltr'>turg</span> <span class='ocrx_word' id='word_1_58' title='bbox 343 680 488 722; x_wconf 88' lang='lat' dir='ltr'>neque</span> <span class='ocrx_word' id='word_1_59' title='bbox 507 666 556 708; x_wconf 91' lang='lat' dir='ltr'>P.</span> <span class='ocrx_word' id='word_1_60' title='bbox 580 666 815 723; x_wconf 80' lang='lat' dir='ltr'>Cervium,</span> <span class='ocrx_word' id='word_1_61' title='bbox 863 666 1004 709; x_wconf 82' lang='lat' dir='ltr'>talem</span> <span class='ocrx_word' id='word_1_62' title='bbox 1028 668 1200 724; x_wconf 84' lang='lat' dir='ltr'>virum,</span> <span class='ocrx_word' id='word_1_63' title='bbox 1247 667 1369 724; x_wconf 65' lang='lat' dir='ltr'>legra-¹</span> 
     </span>
     <span class='ocr_line' id='line_1_10' title="bbox 203 722 1367 780; baseline 0.001 -16"><span class='ocrx_word' id='word_1_64' title='bbox 203 730 327 776; x_wconf 88' lang='lat' dir='ltr'>tum,</span> <span class='ocrx_word' id='word_1_65' title='bbox 367 723 467 779; x_wconf 82' lang='lat' dir='ltr'>qui,</span> <span class='ocrx_word' id='word_1_66' title='bbox 497 723 601 779; x_wconf 82' lang='lat' dir='ltr'>quia</span> <span class='ocrx_word' id='word_1_67' title='bbox 619 722 817 777; x_wconf 81' lang='lat' dir='ltr'>legatus,</span> <span class='ocrx_word' id='word_1_68' title='bbox 855 722 942 764; x_wconf 90' lang='lat' dir='ltr'>isto</span> <span class='ocrx_word' id='word_1_69' title='bbox 967 730 1199 780; x_wconf 81' lang='lat' dir='ltr'>praetore,</span> <span class='ocrx_word' id='word_1_70' title='bbox 1228 725 1275 765; x_wconf 90' lang='lat' dir='ltr'>in</span> <span class='ocrx_word' id='word_1_71' title='bbox 1299 724 1367 766; x_wconf 90' lang='lat' dir='ltr'>Si-</span> 
     </span>
     <span class='ocr_line' id='line_1_11' title="bbox 206 778 1368 834; baseline -0.002 -12"><span class='ocrx_word' id='word_1_72' title='bbox 206 780 308 822; x_wconf 83' lang='lat' dir='ltr'>cilia</span> <span class='ocrx_word' id='word_1_73' title='bbox 337 778 448 833; x_wconf 68' lang='lat' dir='ltr'>fuit,</span> <span class='ocrx_word' id='word_1_74' title='bbox 493 779 670 834; x_wconf 78' lang='lat' dir='ltr'>primus</span> <span class='ocrx_word' id='word_1_75' title='bbox 693 778 747 820; x_wconf 86' lang='lat' dir='ltr'>ab</span> <span class='ocrx_word' id='word_1_76' title='bbox 776 779 864 820; x_wconf 89' lang='lat' dir='ltr'>isto</span> <span class='ocrx_word' id='word_1_77' title='bbox 893 780 1032 822; x_wconf 86' lang='lat' dir='ltr'>iudex</span> <span class='ocrx_word' id='word_1_78' title='bbox 1059 780 1251 822; x_wconf 85' lang='lat' dir='ltr'>reiectus</span> <span class='ocrx_word' id='word_1_79' title='bbox 1279 787 1368 822; x_wconf 84' lang='lat' dir='ltr'>est:</span> 
     </span>
     <span class='ocr_line' id='line_1_12' title="bbox 204 834 1368 891; baseline 0.001 -15"><span class='ocrx_word' id='word_1_80' title='bbox 204 837 283 877; x_wconf 79' lang='lat' dir='ltr'>sed</span> <span class='ocrx_word' id='word_1_81' title='bbox 313 836 366 877; x_wconf 92' lang='lat' dir='ltr'>de</span> <span class='ocrx_word' id='word_1_82' title='bbox 394 835 649 890; x_wconf 79' lang='lat' dir='ltr'>latronum,</span> <span class='ocrx_word' id='word_1_83' title='bbox 684 834 772 875; x_wconf 85' lang='lat' dir='ltr'>hoe</span> <span class='ocrx_word' id='word_1_84' title='bbox 796 841 888 891; x_wconf 80' lang='lat' dir='ltr'>est,</span> <span class='ocrx_word' id='word_1_85' title='bbox 935 837 988 877; x_wconf 86' lang='lat' dir='ltr'>de</span> <span class='ocrx_word' id='word_1_86' title='bbox 1017 836 1238 879; x_wconf 83' lang='lat' dir='ltr'>comitum</span> <span class='ocrx_word' id='word_1_87' title='bbox 1265 851 1368 878; x_wconf 90' lang='lat' dir='ltr'>suo-</span> 
     </span>
     <span class='ocr_line' id='line_1_13' title="bbox 204 891 1369 934; baseline 0 0"><span class='ocrx_word' id='word_1_88' title='bbox 204 907 307 934; x_wconf 83' lang='lat' dir='ltr'>rum</span> <span class='ocrx_word' id='word_1_89' title='bbox 336 891 559 932; x_wconf 87' lang='lat' dir='ltr'>sententia</span> <span class='ocrx_word' id='word_1_90' title='bbox 587 891 859 933; x_wconf 79' lang='lat' dir='ltr'>condemnat</span> <span class='ocrx_word' id='word_1_91' title='bbox 887 906 1057 934; x_wconf 90' lang='lat' dir='ltr'>omnes.</span> <span class='ocrx_word' id='word_1_92' title='bbox 1135 891 1227 933; x_wconf 86' lang='lat' dir='ltr'>Hic</span> <span class='ocrx_word' id='word_1_93' title='bbox 1257 908 1369 934; x_wconf 89' lang='lat' dir='ltr'>cun-</span> 
     </span>
     <span class='ocr_line' id='line_1_14' title="bbox 206 947 1368 1006; baseline -0.001 -16"><span class='ocrx_word' id='word_1_94' title='bbox 206 949 269 991; x_wconf 77' lang='lat' dir='ltr'>cti</span> <span class='ocrx_word' id='word_1_95' title='bbox 296 947 460 1004; x_wconf 76' lang='lat' dir='ltr'>Siculi,</span> <span class='ocrx_word' id='word_1_96' title='bbox 497 947 745 988; x_wconf 81' lang='lat' dir='ltr'>fidelissimi</span> <span class='ocrx_word' id='word_1_97' title='bbox 773 955 905 1004; x_wconf 87' lang='lat' dir='ltr'>atque</span> <span class='ocrx_word' id='word_1_98' title='bbox 927 949 1224 1005; x_wconf 74' lang='lat' dir='ltr'>antiquissimi</span> <span class='ocrx_word' id='word_1_99' title='bbox 1241 948 1368 1006; x_wconf 87' lang='lat' dir='ltr'>socii,</span> 
     </span>
     <span class='ocr_line' id='line_1_15' title="bbox 204 1001 1367 1063; baseline -0.001 -16"><span class='ocrx_word' id='word_1_100' title='bbox 204 1004 414 1063; x_wconf 76' lang='lat' dir='ltr'>plurimis</span> <span class='ocrx_word' id='word_1_101' title='bbox 446 1001 595 1047; x_wconf 84' lang='lat' dir='ltr'>affecti</span> <span class='ocrx_word' id='word_1_102' title='bbox 623 1002 853 1044; x_wconf 82' lang='lat' dir='ltr'>beneficiis</span> <span class='ocrx_word' id='word_1_103' title='bbox 883 1020 907 1046; x_wconf 83' lang='lat' dir='ltr'>a</span> <span class='ocrx_word' id='word_1_104' title='bbox 924 1005 1167 1047; x_wconf 86' lang='lat' dir='ltr'>maioribus</span> <span class='ocrx_word' id='word_1_105' title='bbox 1188 1005 1367 1059; x_wconf 84' lang='lat' dir='ltr'>nostris,</span> 
     </span>
     <span class='ocr_line' id='line_1_16' title="bbox 203 1061 1388 1118; baseline -0.001 -15"><span class='ocrx_word' id='word_1_106' title='bbox 203 1062 397 1117; x_wconf 78' lang='lat' dir='ltr'>graviter</span> <span class='ocrx_word' id='word_1_107' title='bbox 438 1066 803 1115; x_wconf 76' lang='lat' dir='ltr'><strong>commoventur,</strong></span> <span class='ocrx_word' id='word_1_108' title='bbox 855 1068 899 1101; x_wconf 88' lang='lat' dir='ltr'>et</span> <span class='ocrx_word' id='word_1_109' title='bbox 938 1062 992 1102; x_wconf 93' lang='lat' dir='ltr'>de</span> <span class='ocrx_word' id='word_1_110' title='bbox 1028 1062 1118 1102; x_wconf 88' lang='lat' dir='ltr'>suis</span> <span class='ocrx_word' id='word_1_111' title='bbox 1152 1061 1388 1118; x_wconf 57' lang='lat' dir='ltr'>periculis,¹</span> 
     </span>
     <span class='ocr_line' id='line_1_17' title="bbox 203 1116 1367 1173; baseline 0 -14"><span class='ocrx_word' id='word_1_112' title='bbox 203 1116 487 1173; x_wconf 81' lang='lat' dir='ltr'>fortunisque</span> <span class='ocrx_word' id='word_1_113' title='bbox 508 1116 718 1158; x_wconf 84' lang='lat' dir='ltr'>omnibus</span> <span class='ocrx_word' id='word_1_114' title='bbox 739 1117 1079 1172; x_wconf 81' lang='lat' dir='ltr'>pertimescunt.</span> <span class='ocrx_word' id='word_1_115' title='bbox 1123 1117 1257 1160; x_wconf 85' lang='lat' dir='ltr'>Illam</span> <span class='ocrx_word' id='word_1_116' title='bbox 1278 1117 1367 1159; x_wconf 88' lang='lat' dir='ltr'>cle-</span> 
     </span>
     <span class='ocr_line' id='line_1_18' title="bbox 201 1173 1367 1230; baseline -0.001 -13"><span class='ocrx_word' id='word_1_117' title='bbox 201 1174 419 1217; x_wconf 87' lang='lat' dir='ltr'>mentiam</span> <span class='ocrx_word' id='word_1_118' title='bbox 447 1173 928 1229; x_wconf 77' lang='lat' dir='ltr'>mansuetudinemque</span> <span class='ocrx_word' id='word_1_119' title='bbox 959 1174 1101 1223; x_wconf 66' lang='lat' dir='ltr'>nostri</span> <span class='ocrx_word' id='word_1_120' title='bbox 1120 1174 1301 1230; x_wconf 86' lang='lat' dir='ltr'>imperii</span> <span class='ocrx_word' id='word_1_121' title='bbox 1316 1174 1367 1216; x_wconf 89' lang='lat' dir='ltr'>in</span> 
     </span>
     <span class='ocr_line' id='line_1_19' title="bbox 203 1228 1366 1286; baseline -0.001 -14"><span class='ocrx_word' id='word_1_122' title='bbox 203 1236 378 1272; x_wconf 81' lang='lat' dir='ltr'>tantam</span> <span class='ocrx_word' id='word_1_123' title='bbox 407 1229 720 1271; x_wconf 83' lang='lat' dir='ltr'>crudelitatem</span> <span class='ocrx_word' id='word_1_124' title='bbox 738 1228 1246 1286; x_wconf 57' lang='lat' dir='ltr'>inhumanitatemque?</span> <span class='ocrx_word' id='word_1_125' title='bbox 1273 1243 1366 1271; x_wconf 89' lang='lat' dir='ltr'>esse</span> 
     </span>
     <span class='ocr_line' id='line_1_20' title="bbox 205 1280 1366 1328; baseline 0 0"><span class='ocrx_word' id='word_1_126' title='bbox 205 1300 469 1328; x_wconf 81' lang='lat' dir='ltr'>conversam</span> <span class='ocrx_word' id='word_1_127' title='bbox 481 1280 504 1327; x_wconf 62' lang='grc' dir='ltr'>’Β</span> <span class='ocrx_word' id='word_1_128' title='bbox 526 1286 829 1327; x_wconf 84' lang='lat' dir='ltr'>Condemnari</span> <span class='ocrx_word' id='word_1_129' title='bbox 845 1286 1130 1328; x_wconf 83' lang='lat' dir='ltr'>tothomines</span> <span class='ocrx_word' id='word_1_130' title='bbox 1139 1301 1232 1327; x_wconf 92' lang='lat' dir='ltr'>uno</span> <span class='ocrx_word' id='word_1_131' title='bbox 1251 1292 1366 1328; x_wconf 82' lang='lat' dir='ltr'>tem-</span> 
     </span>
    </p>

    <p class='ocr_par' dir='ltr' id='par_1_4' title="bbox 198 1336 1382 2019">
     <span class='ocr_line' id='line_1_21' title="bbox 238 1336 1367 1398; baseline -0.001 -14"><span class='ocrx_word' id='word_1_132' title='bbox 238 1358 338 1398; x_wconf 83' lang='lat' dir='ltr'>ore,</span> <span class='ocrx_word' id='word_1_133' title='bbox 386 1341 517 1384; x_wconf 86' lang='lat' dir='ltr'>nullo</span> <span class='ocrx_word' id='word_1_134' title='bbox 550 1343 737 1384; x_wconf 81' lang='lat' dir='ltr'>crimine</span> <span class='ocrx_word' id='word_1_135' title='bbox 757 1336 781 1383; x_wconf 68' lang='lat'>¹?</span> <span class='ocrx_word' id='word_1_136' title='bbox 836 1341 1144 1384; x_wconf 77' lang='lat' dir='ltr'>defensionem</span> <span class='ocrx_word' id='word_1_137' title='bbox 1179 1356 1367 1384; x_wconf 88' lang='lat' dir='ltr'>suorum</span> 
     </span>
     <span class='ocr_line' id='line_1_22' title="bbox 224 1398 1368 1455; baseline 0 -15"><span class='ocrx_word' id='word_1_138' title='bbox 224 1406 433 1441; x_wconf 85' lang='lat' dir='ltr'>urtorum</span> <span class='ocrx_word' id='word_1_139' title='bbox 462 1405 718 1455; x_wconf 82' lang='lat' dir='ltr'>praetorem</span> <span class='ocrx_word' id='word_1_140' title='bbox 743 1399 1005 1454; x_wconf 84' lang='lat' dir='ltr'>improbum</span> <span class='ocrx_word' id='word_1_141' title='bbox 1027 1413 1087 1440; x_wconf 80' lang='lat' dir='ltr'>ex</span> <span class='ocrx_word' id='word_1_142' title='bbox 1112 1398 1368 1454; x_wconf 83' lang='lat' dir='ltr'>indignissi-</span> 
     </span>
     <span class='ocr_line' id='line_1_23' title="bbox 203 1450 1367 1510; baseline -0.002 -13"><span class='ocrx_word' id='word_1_143' title='bbox 203 1471 278 1497; x_wconf 87' lang='lat' dir='ltr'>ma</span> <span class='ocrx_word' id='word_1_144' title='bbox 305 1462 450 1496; x_wconf 82' lang='lat' dir='ltr'>morte</span> <span class='ocrx_word' id='word_1_145' title='bbox 478 1456 794 1496; x_wconf 79' lang='lat' dir='ltr'>innocentium</span> <span class='ocrx_word' id='word_1_146' title='bbox 827 1450 1072 1510; x_wconf 77' lang='lat' dir='ltr'>quaerere?</span> <span class='ocrx_word' id='word_1_147' title='bbox 1100 1454 1234 1496; x_wconf 89' lang='lat' dir='ltr'>Nihil</span> <span class='ocrx_word' id='word_1_148' title='bbox 1263 1454 1367 1496; x_wconf 85' lang='lat' dir='ltr'>addi</span> 
     </span>
     <span class='ocr_line' id='line_1_24' title="bbox 201 1509 1366 1567; baseline -0.001 -15"><span class='ocrx_word' id='word_1_149' title='bbox 201 1512 293 1552; x_wconf 84' lang='lat' dir='ltr'>iam</span> <span class='ocrx_word' id='word_1_150' title='bbox 319 1512 520 1567; x_wconf 68' lang='lat' dir='ltr'>videtur,</span> <span class='ocrx_word' id='word_1_151' title='bbox 559 1511 754 1566; x_wconf 74' lang='lat' dir='ltr'>iudices,</span> <span class='ocrx_word' id='word_1_152' title='bbox 796 1509 849 1552; x_wconf 83' lang='lat' dir='ltr'>ad</span> <span class='ocrx_word' id='word_1_153' title='bbox 872 1511 991 1552; x_wconf 86' lang='lat' dir='ltr'>hanc</span> <span class='ocrx_word' id='word_1_154' title='bbox 1007 1511 1366 1566; x_wconf 82' lang='lat' dir='ltr'>improbitatem,</span> 
     </span>
     <span class='ocr_line' id='line_1_25' title="bbox 203 1566 1368 1623; baseline -0.002 -14"><span class='ocrx_word' id='word_1_155' title='bbox 203 1568 446 1609; x_wconf 81' lang='lat' dir='ltr'>amentiam</span> <span class='ocrx_word' id='word_1_156' title='bbox 474 1566 876 1622; x_wconf 83' lang='lat' dir='ltr'>crudelitatemque</span> <span class='ocrx_word' id='word_1_157' title='bbox 905 1581 1049 1623; x_wconf 83' lang='lat' dir='ltr'>posse.</span> <span class='ocrx_word' id='word_1_158' title='bbox 1071 1567 1093 1591; x_wconf 74' lang='lat'><em>²</em></span> <span class='ocrx_word' id='word_1_159' title='bbox 1182 1566 1305 1608; x_wconf 86' lang='lat' dir='ltr'>Nam</span> <span class='ocrx_word' id='word_1_160' title='bbox 1331 1566 1368 1607; x_wconf 90' lang='lat' dir='ltr'>si</span> 
     </span>
     <span class='ocr_line' id='line_1_26' title="bbox 202 1622 1367 1679; baseline -0.002 -14"><span class='ocrx_word' id='word_1_161' title='bbox 202 1638 308 1666; x_wconf 88' lang='lat' dir='ltr'>cum</span> <span class='ocrx_word' id='word_1_162' title='bbox 337 1624 527 1665; x_wconf 87' lang='lat' dir='ltr'>aliorum</span> <span class='ocrx_word' id='word_1_163' title='bbox 544 1622 834 1679; x_wconf 82' lang='lat' dir='ltr'>improbitate</span> <span class='ocrx_word' id='word_1_164' title='bbox 858 1630 1022 1678; x_wconf 79' lang='lat' dir='ltr'>certet,</span> <span class='ocrx_word' id='word_1_165' title='bbox 1049 1622 1190 1679; x_wconf 59' lang='lat' dir='ltr'>longe</span> <span class='ocrx_word' id='word_1_166' title='bbox 1210 1635 1367 1663; x_wconf 87' lang='lat' dir='ltr'>omnes</span> 
     </span>
     <span class='ocr_line' id='line_1_27' title="bbox 201 1679 1366 1736; baseline -0.002 -14"><span class='ocrx_word' id='word_1_167' title='bbox 201 1679 490 1735; x_wconf 84' lang='lat' dir='ltr'>multumque</span> <span class='ocrx_word' id='word_1_168' title='bbox 510 1679 749 1736; x_wconf 82' lang='lat' dir='ltr'>superabit.</span> <span class='ocrx_word' id='word_1_169' title='bbox 802 1679 892 1720; x_wconf 89' lang='lat' dir='ltr'>Sed</span> <span class='ocrx_word' id='word_1_170' title='bbox 911 1679 1099 1721; x_wconf 88' lang='lat' dir='ltr'>secumi</span> <span class='ocrx_word' id='word_1_171' title='bbox 1133 1693 1179 1721; x_wconf 89' lang='lat' dir='ltr'>se</span> <span class='ocrx_word' id='word_1_172' title='bbox 1199 1684 1366 1720; x_wconf 79' lang='lat' dir='ltr'>certat:</span> 
     </span>
     <span class='ocr_line' id='line_1_28' title="bbox 199 1735 1367 1792; baseline -0.001 -15"><span class='ocrx_word' id='word_1_173' title='bbox 199 1738 248 1777; x_wconf 89' lang='lat' dir='ltr'>id</span> <span class='ocrx_word' id='word_1_174' title='bbox 278 1737 391 1792; x_wconf 78' lang='lat' dir='ltr'>agit,</span> <span class='ocrx_word' id='word_1_175' title='bbox 429 1743 482 1776; x_wconf 93' lang='lat' dir='ltr'>ut</span> <span class='ocrx_word' id='word_1_176' title='bbox 504 1750 681 1792; x_wconf 81' lang='lat' dir='ltr'>semper</span> <span class='ocrx_word' id='word_1_177' title='bbox 699 1736 902 1791; x_wconf 85' lang='lat' dir='ltr'>superius</span> <span class='ocrx_word' id='word_1_178' title='bbox 928 1750 1062 1778; x_wconf 88' lang='lat' dir='ltr'>suum</span> <span class='ocrx_word' id='word_1_179' title='bbox 1103 1735 1258 1777; x_wconf 86' lang='lat' dir='ltr'>acinus</span> <span class='ocrx_word' id='word_1_180' title='bbox 1284 1748 1367 1776; x_wconf 78' lang='grc'>110-</span> 
     </span>
     <span class='ocr_line' id='line_1_29' title="bbox 198 1790 1366 1848; baseline 0 -16"><span class='ocrx_word' id='word_1_181' title='bbox 198 1807 255 1839; x_wconf 76' lang='lat' dir='ltr'>vo</span> <span class='ocrx_word' id='word_1_182' title='bbox 284 1793 454 1835; x_wconf 87' lang='lat' dir='ltr'>scelere</span> <span class='ocrx_word' id='word_1_183' title='bbox 483 1793 648 1835; x_wconf 81' lang='lat' dir='ltr'>vincat.</span> <span class='ocrx_word' id='word_1_184' title='bbox 705 1790 983 1847; x_wconf 60' lang='lat' dir='ltr'>Phalarsgum</span> <span class='ocrx_word' id='word_1_185' title='bbox 1012 1791 1366 1848; x_wconf 69' lang='lat' dir='ltr'>Centuripinum</span> 
     </span>
     <span class='ocr_line' id='line_1_30' title="bbox 199 1836 1367 1905; baseline -0.003 -14"><span class='ocrx_word' id='word_1_186' title='bbox 199 1850 403 1891; x_wconf 77' lang='lat' dir='ltr'>dixeram</span> <span class='ocrx_word' id='word_1_187' title='bbox 434 1856 680 1905; x_wconf 78' lang='lat' dir='ltr'>exceptum</span> <span class='ocrx_word' id='word_1_188' title='bbox 709 1862 801 1890; x_wconf 87' lang='lat' dir='ltr'>esse</span> <span class='ocrx_word' id='word_1_189' title='bbox 822 1863 844 1890; x_wconf 82' lang='lat' dir='ltr'>a</span> <span class='ocrx_word' id='word_1_190' title='bbox 867 1836 1136 1905; x_wconf 47' lang='lat' dir='ltr'>&amp;leomenffi</span> <span class='ocrx_word' id='word_1_191' title='bbox 1175 1847 1297 1904; x_wconf 78' lang='lat' dir='ltr'>quod</span> <span class='ocrx_word' id='word_1_192' title='bbox 1316 1846 1367 1888; x_wconf 91' lang='lat' dir='ltr'>in</span> 
     </span>
     <span class='ocr_line' id='line_1_31' title="bbox 199 1905 1365 1963; baseline -0.002 -18"><span class='ocrx_word' id='word_1_193' title='bbox 199 1906 294 1947; x_wconf 86' lang='lat' dir='ltr'>eius</span> <span class='ocrx_word' id='word_1_194' title='bbox 316 1906 587 1963; x_wconf 82' lang='lat' dir='ltr'>quadriremi</span> <span class='ocrx_word' id='word_1_195' title='bbox 598 1905 864 1946; x_wconf 87' lang='lat' dir='ltr'>Cleomenes</span> <span class='ocrx_word' id='word_1_196' title='bbox 881 1911 1035 1947; x_wconf 81' lang='lat' dir='ltr'>vectus</span> <span class='ocrx_word' id='word_1_197' title='bbox 1054 1912 1188 1947; x_wconf 85' lang='lat' dir='ltr'>esset:</span> <span class='ocrx_word' id='word_1_198' title='bbox 1210 1910 1365 1945; x_wconf 83' lang='lat' dir='ltr'>tamen</span> 
     </span>
     <span class='ocr_line' id='line_1_32' title="bbox 199 1959 1382 2019; baseline -0.002 -17"><span class='ocrx_word' id='word_1_199' title='bbox 199 1963 305 2018; x_wconf 86' lang='lat' dir='ltr'>quia</span> <span class='ocrx_word' id='word_1_200' title='bbox 333 1963 629 2019; x_wconf 79' lang='lat' dir='ltr'>pertimuerat</span> <span class='ocrx_word' id='word_1_201' title='bbox 668 1960 951 2018; x_wconf 83' lang='lat' dir='ltr'>adolescens,</span> <span class='ocrx_word' id='word_1_202' title='bbox 1016 1961 1139 2018; x_wconf 89' lang='lat' dir='ltr'>quod</span> <span class='ocrx_word' id='word_1_203' title='bbox 1173 1959 1382 2014; x_wconf 84' lang='lat' dir='ltr'>eandem-</span> 
     </span>
    </p>
   </div>
   <div class='ocr_carea' id='block_1_4' title="bbox 194 2108 1376 2299">
    <p class='ocr_par' dir='ltr' id='par_1_5' title="bbox 197 2108 1376 2195">
     <span class='ocr_line' id='line_1_33' title="bbox 243 2108 1376 2160; baseline -0.003 -14"><span class='ocrx_word' id='word_1_204' title='bbox 243 2114 283 2159; x_wconf 74' lang='grc' dir='ltr'>ι)</span> <span class='ocrx_word' id='word_1_205' title='bbox 314 2114 506 2147; x_wconf 81' lang='lat' dir='ltr'>Graevius</span> <span class='ocrx_word' id='word_1_206' title='bbox 543 2111 679 2146; x_wconf 80' lang='lat' dir='ltr'>maluit</span> <span class='ocrx_word' id='word_1_207' title='bbox 710 2111 1052 2160; x_wconf 76' lang='lat' dir='ltr'>immanitatemque</span> <span class='ocrx_word' id='word_1_208' title='bbox 1084 2123 1121 2147; x_wconf 78' lang='lat' dir='ltr'>ec</span> <span class='ocrx_word' id='word_1_209' title='bbox 1145 2115 1201 2146; x_wconf 78' lang='lat' dir='ltr'>sic</span> <span class='ocrx_word' id='word_1_210' title='bbox 1240 2108 1376 2144; x_wconf 63' lang='lat' dir='ltr'>edidic-</span> 
     </span>
     <span class='ocr_line' id='line_1_34' title="bbox 197 2157 1095 2195; baseline 0 -4"><span class='ocrx_word' id='word_1_211' title='bbox 197 2157 363 2195; x_wconf 84' lang='lat' dir='ltr'>Lallem.</span> <span class='ocrx_word' id='word_1_212' title='bbox 532 2173 536 2176; x_wconf 87' lang='grc'><em>·</em></span> <span class='ocrx_word' id='word_1_213' title='bbox 1092 2175 1095 2177; x_wconf 75' lang='grc'>’</span> 
     </span>
    </p>

    <p class='ocr_par' dir='ltr' id='par_1_6' title="bbox 194 2201 1368 2299">
     <span class='ocr_line' id='line_1_35' title="bbox 243 2201 1368 2251; baseline -0.002 -13"><span class='ocrx_word' id='word_1_214' title='bbox 243 2209 280 2246; x_wconf 85' lang='lat'>2)</span> <span class='ocrx_word' id='word_1_215' title='bbox 309 2205 420 2250; x_wconf 73' lang='lat' dir='ltr'>Vulg.</span> <span class='ocrx_word' id='word_1_216' title='bbox 449 2203 611 2238; x_wconf 79' lang='lat' dir='ltr'>additur</span> <span class='ocrx_word' id='word_1_217' title='bbox 643 2214 680 2238; x_wconf 75' lang='lat' dir='ltr'>et</span> <span class='ocrx_word' id='word_1_218' title='bbox 705 2214 806 2240; x_wconf 84' lang='lat' dir='ltr'>recte</span> <span class='ocrx_word' id='word_1_219' title='bbox 836 2203 932 2238; x_wconf 86' lang='lat' dir='ltr'>nihil</span> <span class='ocrx_word' id='word_1_220' title='bbox 958 2203 1126 2244; x_wconf 79' lang='lat' dir='ltr'>videtut3</span> <span class='ocrx_word' id='word_1_221' title='bbox 1157 2201 1262 2251; x_wconf 76' lang='lat' dir='ltr'>quod</span> <span class='ocrx_word' id='word_1_222' title='bbox 1286 2203 1368 2237; x_wconf 84' lang='lat' dir='ltr'>iam</span> 
     </span>
     <span class='ocr_line' id='line_1_36' title="bbox 194 2251 995 2299; baseline 0.001 -13"><span class='ocrx_word' id='word_1_223' title='bbox 194 2251 396 2286; x_wconf 70' lang='lat' dir='ltr'>Eme-scius</span> <span class='ocrx_word' id='word_1_224' title='bbox 415 2256 522 2288; x_wconf 77' lang='lat' dir='ltr'>uncis</span> <span class='ocrx_word' id='word_1_225' title='bbox 545 2251 705 2288; x_wconf 77' lang='lat' dir='ltr'>inclusit</span> <span class='ocrx_word' id='word_1_226' title='bbox 712 2275 726 2299; x_wconf 49' lang='grc' dir='ltr'>Ξ</span> <span class='ocrx_word' id='word_1_227' title='bbox 750 2261 793 2287; x_wconf 80' lang='grc' dir='ltr'>ιιι</span> <span class='ocrx_word' id='word_1_228' title='bbox 813 2255 995 2298; x_wconf 66' lang='lat' dir='ltr'>spurium,</span> 
     </span>
    </p>
   </div>
  </div>
 </body>
</html>
