1420 2491
153 153 224 193 348
533 148 741 186 ASCONn
764 151 942 187 NOTAE

270 244 463 285 tametsi
490 243 630 286 illum
658 247 859 300 annum]
891 249 944 288 M.
976 246 1124 303 Lepidi
1155 254 1324 301 praeto-

151 303 233 352 ris,
272 305 344 354 qui
366 306 548 342 accusari
571 312 762 356 coeperat
790 320 813 343 a
833 307 994 344 duobus
1017 306 1214 353 Metellis,
1245 306 1324 345 Ce-

150 361 238 398 lere
265 367 307 398 et
326 360 509 412 Nepote,
547 363 616 412 qui
641 375 767 414 quum
795 363 953 415 legibus
975 364 1324 415 interrogassent,

149 417 254 456 victi
272 419 360 455 eius
381 417 491 469 apud
512 421 715 470 populum
733 420 863 470 gratia
890 421 1152 458 destiterunt.

268 483 320 511 uc
343 470 414 512 bis
436 485 500 512 ex
519 485 578 512 ea
591 469 811 528 familia]
834 478 981 525 semel,
1012 477 1124 528 quod
1141 489 1322 528 proavus

151 531 417 570 conservavit
430 531 566 568 victor
584 531 829 584 Syracusas3
857 534 1009 572 iterum
1028 533 1098 572 hic
1115 545 1323 586 pronepos

149 588 394 640 magistratu
414 601 488 625 suo
510 587 672 626 Siculos
691 591 906 628 recreavit.
1329 595 1331 601 ⁴
1367 627 1373 631 .

268 652 313 682 ec
330 652 498 698 postea
518 639 584 682 M.
605 642 830 698 Antonii]
853 646 928 684 Hic
948 652 1010 684 est
1027 645 1083 683 M.
1101 645 1323 694 Antonius,

150 703 219 754 qni
253 701 385 754 gratia
416 700 559 738 Cottae
591 702 770 739 consulis
803 710 845 740 et
864 702 1034 754 Cethegi
1065 702 1248 740 factione
1276 702 1323 739 in

148 765 297 796 senatu
327 758 585 795 curationem
622 763 766 796 nactus
804 759 931 797 totius
961 772 1057 796 orae
1087 759 1322 797 maritimae

148 810 336 853 Siciliam
365 820 404 851 et
433 815 671 864 provincias
697 827 838 854 omncs
867 816 1141 867 depopulatus
1161 821 1243 863 est3
1282 819 1325 851 et

147 871 200 908 ad
224 879 477 921 postremum
505 871 688 909 inferens
708 871 972 910 Cretensibus
999 871 1156 911 bellum
1176 871 1324 909 morbo

146 928 321 966 interiit.

263 983 316 1023 in
335 982 573 1023 neminem
594 992 708 1022 ante
731 981 879 1037 hunc]
909 984 1056 1033 Recte,
1085 983 1183 1037 'quia
1200 982 1328 1036 Lepi-v

148 1042 225 1080 dus
254 1042 412 1094 legibus
442 1048 608 1079 tantum
638 1042 920 1093 interrogatus
957 1056 1035 1081 nec
1068 1041 1168 1080 dum
1195 1041 1324 1079 etiam

149 1106 345 1151 coeperat
376 1099 573 1136 accusari.

297 1152 477 1193 ostulac
502 1167 533 1192 a
555 1153 860 1198 consulibus,
893 1167 1017 1208 quae
1039 1167 1139 1194 non
1154 1161 1322 1208 postu.-

148 1209 256 1250 lata
297 1211 359 1249 Ne
378 1212 465 1263 ipse
486 1212 530 1249 in
551 1210 723 1250 Verrem
749 1213 975 1250 concitasse
995 1211 1156 1250 Siculos
1177 1211 1323 1248 videa-

145 1275 231 1316 tur,
253 1269 515 1306 volunt-atem
533 1280 677 1305 eorum
702 1275 847 1305 contra
866 1268 1039 1306 Verrem
1062 1281 1190 1318 quum
1209 1266 1321 1304 mul-

144 1326 211 1372 tis¹
231 1326 322 1364 aliis
350 1325 473 1362 rebus
505 1337 591 1362 esse
617 1330 890 1363 monstratam
911 1324 1034 1372 dicit,
1063 1331 1154 1362 tum
1173 1325 1324 1371 eti-am,

145 1381 244 1433 quia
273 1381 493 1433 petitiones
517 1381 569 1418 ad
587 1387 774 1419 senatum
793 1395 867 1433 per
895 1382 1046 1434 legatos
1067 1379 1199 1419 Siculi
1219 1379 1322 1418 tales

146 1439 373 1483 miserunt,
409 1444 456 1474 ut
486 1452 573 1476 non
603 1445 687 1476 tam
705 1437 905 1476 beneficia
932 1438 1169 1489 postulare,
1196 1450 1321 1488 quam

145 1493 271 1533 huius
309 1495 484 1533 iniurias
524 1495 758 1533 describere
795 1495 1063 1543 viderentur,
1107 1501 1157 1532 ut
1193 1500 1322 1547 puta,

147 1565 275 1603 quum
305 1557 474 1604 petunt,
511 1565 563 1589 ne
591 1552 655 1591 rei
687 1551 790 1589 fiant
818 1552 1028 1599 absentes,
1068 1552 1167 1602 quia.
1193 1550 1321 1590 Sthe-

97 1632 99 1634 ·
144 1607 241 1646 nius
270 1608 381 1661 apud
399 1607 572 1647 Verrem
599 1609 678 1647 hoc
707 1622 849 1660 passus
877 1609 1037 1657 sueram
1075 1614 1116 1646 et
1134 1608 1217 1647 alia
1235 1607 1320 1646 hu*

144 1664 338 1704 iusmodi.

173 1717 179 1719 “
260 1735 291 1761 a
321 1734 412 1775 qao
444 1734 549 1761 mea
581 1720 858 1775 longissime
887 1719 1033 1773 racio]
1073 1734 1103 1760 a
1135 1733 1255 1775 quo,
1296 1735 1321 1760 a

146 1791 227 1831 qua
247 1794 292 1818 re
306 1811 314 1824 ,
346 1793 368 1815 a
390 1792 469 1829 quo
491 1780 676 1831 negotio,
716 1778 989 1816 accusationis
1008 1779 1180 1816 scilicet.

255 1832 450 1890 publice
475 1834 789 1889 privateque]
828 1842 901 1873 aut
927 1835 1075 1888 Legati,
1101 1840 1198 1873 ·aut
1223 1839 1324 1872 suas

144 1893 323 1931 iniurias
348 1900 654 1944 persequentes.

261 1949 356 2000 Cap.
370 1949 436 1986 IV.
464 1944 537 1987 Ac
549 1944 954 2002 quemadmodum
971 1943 1160 1986 itt-dices
1169 1956 1321 1985 vene-

145 2003 264 2057 rint]
287 2006 501 2044 Obscurus
521 2020 676 2053 sensus,
689 2012 730 2044 et
749 2019 822 2057 per
843 2005 1106 2057 hyperbaton
1127 2017 1222 2042 cum
1240 2016 1321 2054 pa-
1375 2037 1378 2040 ,

143 2063 342 2107 renthcsi,
354 2069 395 2100 et
413 2077 524 2101 novo
544 2063 667 2101 modo
687 2063 732 2100 in
754 2061 960 2100 sententia
979 2061 1119 2112 magis,
1128 2073 1252 2112 quam
1272 2059 1318 2097 in

142 2120 282 2158 verbis
305 2119 549 2170 explicatur.
608 2120 681 2158 Est
698 2119 811 2157 enim
827 2131 972 2156 sensus
989 2117 1079 2156 hic:
1109 2124 1152 2155 at
1172 2129 1321 2168 quem-

142 2176 367 2214 admodum
395 2176 551 2214 iudices
581 2177 794 2222 venerint,
826 2175 871 2214 id
901 2182 963 2214 est
985 2187 1107 2226 (fuam
1135 2173 1322 2211 animose

143 2240 289 2273 eontra
307 2232 493 2283 Verrem,
514 2247 566 2272 ex
585 2233 666 2272 hoc
687 2233 932 2286 cognoscite.
989 2231 1042 2271 Et
1061 2231 1193 2280 docet,
1213 2242 1324 2282 quo-
