1420 2491
158 161 200 208 23
482 153 539 190 ιΝ
566 153 774 189 VERREM
820 154 936 190 Ac'r.
962 155 1012 189 11.

155 247 234 292 illa
263 252 383 288 tetra
411 253 543 303 atque
582 246 763 303 impura
801 247 1052 303 legatione,
1096 249 1188 291 vim
1218 258 1338 294 attu-

153 305 258 357 lisse
291 296 596 353 existimatis?
634 317 774 358 ecquo
805 304 850 345 in
881 303 1052 359 oppido
1075 305 1234 361 pedem
1253 322 1337 364 po-

155 359 270 415 suit,
307 357 388 400 ubi
408 374 502 401 non
523 357 656 415 plura
679 366 945 416 stuprorum
966 358 1336 424 flagitiorumque

154 430 370 469 suorum,
424 430 560 471 quam
587 415 804 456 adventus
834 415 902 457 sui
932 416 1116 471 vestigia
1142 417 1337 475 relique-

154 467 252 518 rit?
299 471 390 513 Sed
426 486 510 528 ego
548 471 722 526 onmia,
768 487 879 527 quae
907 472 1062 525 negari
1093 481 1334 531 poterunt,

141 528 543 588 ,praetermitta1n3
589 527 724 568 etiam
760 527 898 583 haec,
945 542 1058 584 quae
1087 529 1336 574 certissima

154 593 260 631 sunt
288 592 334 626 et
359 584 629 637 clarissima,
668 584 948 640 relinquitur,
987 599 1130 626 unum
1150 586 1334 642 aliquod

154 645 209 686 de
238 640 423 682 nefariis
453 639 580 681 istius
599 640 728 681 finctis
749 640 934 696 eligam:
971 655 1059 696 quo
1079 641 1333 686 faciliusad

153 697 357 744 Siciliam
376 695 545 752 possim
565 695 822 751 aliquando,
853 696 1093 752 quaemihi
1115 697 1200 739 hoc
1225 713 1334 740 one·-

150 757 213 799 ris
233 753 495 811 negotiique
512 751 754 808 imposuit,
784 753 1032 808 pervenire.
1091 753 1333 811 Oppidum

152 819 220 854 est
249 810 298 852 in
328 809 629 866 Hellesponto
659 808 991 864 Lampsacum,
1039 809 1235 864 iudices,
1281 808 1331 853 in

151 866 313 926 primis
340 865 475 908 Asiae
504 863 761 929 provinciae
783 864 957 906 clarum
977 872 1021 906 et
1037 865 1211 908 nobile:
1247 865 1332 908 ho-

150 924 297 967 mines
325 930 477 963 autem
504 920 590 977 ipsi
623 920 925 975 Lampsaceni
951 928 1051 962 tum
1078 935 1254 963 summe
1281 923 1332 964 in

155 994 313 1022 omnes
341 976 458 1019 cives
485 977 716 1019 Romanos
737 973 952 1031 officiosi,
980 984 1079 1018 tum
1096 985 1332 1033 praeterea

152 1035 354 1079 maxime
383 1032 522 1074 sedati
549 1040 593 1074 et
624 1031 789 1087 quieti,
834 1047 979 1089 prope
1005 1041 1186 1089 praeter
1213 1042 1332 1076 cete-

153 1108 229 1135 ros
279 1091 335 1132 ad
371 1104 603 1131 summum
639 1088 923 1129 Graecorum
963 1089 1109 1130 otium
1153 1090 1330 1147 potius,

154 1162 292 1206 quam
302 1146 358 1188 ad
377 1145 516 1187 ullam
528 1145 620 1186 vim
631 1151 708 1185 aut
721 1145 966 1186 tumultum
984 1146 1328 1188 accommodati.

260 1257 428 1300 XXV.
454 1256 647 1311 Accidit,
676 1271 815 1312 quum
835 1255 915 1297 iste
937 1272 960 1298 a
982 1255 1064 1298 Cn.
1087 1254 1327 1300 Dolabella

153 1315 464 1372 efflagitasset,
503 1321 555 1354 ut
583 1328 627 1353 se
648 1315 702 1353 ad
726 1328 880 1366 regem
902 1312 1227 1364 Nicomedem,
1256 1328 1328 1354 re-

154 1386 348 1430 gemque
370 1370 579 1411 Sadalam
606 1369 829 1423 mitteret,
871 1383 1097 1424 quumque
1122 1368 1210 1409 iter
1236 1368 1325 1410 hoc
1352 1376 1357 1383 '

152 1429 237 1472 sibi
264 1427 407 1484 magis
444 1425 496 1467 ad
537 1432 769 1482 quaestum
807 1440 962 1479 suum,
1010 1439 1145 1481 quam
1173 1424 1231 1466 ad
1256 1425 1325 1466 rei

151 1485 360 1543 publicae
390 1491 567 1538 tempus
609 1480 999 1522 accommodatum
1038 1481 1324 1536 depoposcis-

153 1550 245 1596 set3
284 1548 335 1582 ut
362 1539 441 1581 illo
467 1539 628 1580 itinere
659 1537 830 1578 veniret
845 1536 1174 1593 Lampsacum,
1217 1552 1322 1579 cum

151 1612 316 1654 magna
355 1595 606 1643 calamitate
635 1601 677 1634 et
706 1608 848 1649 prope
887 1592 1085 1649 pernicie
1117 1592 1326 1636 civitatis.‘

152 1653 410 1695 Deducitur
437 1652 517 1693 isto
553 1650 609 1691 ad
640 1649 886 1691 Ianitorem
918 1648 1144 1705 quendam
1170 1649 1324 1706 hospi-

151 1719 267 1752 tem:
298 1708 572 1764 comitesque
593 1707 686 1747 eius
708 1705 817 1746 item
835 1707 958 1762 apud
978 1713 1150 1748 ceteros
1171 1705 1323 1762 hospi-

150 1775 217 1809 tes
246 1766 539 1807 collocantur.
597 1762 663 1804 Ut
689 1777 786 1803 mos
816 1770 911 1803 erat
934 1761 1101 1816 istius„
1120 1762 1252 1818 atque
1270 1767 1335 1804 ut'

150 1838 258 1864 eum
283 1836 387 1864 suae
405 1820 614 1862 libidines
635 1817 903 1874 flagitiosae¹
931 1817 1081 1860 facere
1108 1817 1322 1861 admone·

201 1954 235 1992 1)
260 1946 439 1994 flagitiose
469 1945 612 1978 habent
631 1946 709 1978 Ms.
735 1943 872 1978 Fratzc.
900 1955 930 1977 1.
957 1944 1030 1978 Gu.
1064 1941 1140 1976 duo
1170 1943 1319 1979 Partss.

153 2006 189 2030 et
218 2000 358 2040 recepit
377 1994 489 2027 Beck.
517 1992 591 2025 Pro
615 1988 886 2028 admonebant,
921 1988 1022 2035 quod
1044 2003 1064 2022 e
1085 1991 1163 2023 Ms.
1190 1990 1319 2029 caiae,

150 2050 371 2088 receperant
392 2038 525 2073 Lamb.
548 2037 642 2070 Era.
675 2037 770 2069 olim
798 2036 994 2082 legebatur
1024 2034 1318 2074 admonuerant,

149 2094 193 2123 in.
220 2090 296 2121 Ms.
323 2089 395 2121 Gu.
427 2082 724 2119 commovebant.
797 2082 977 2116 Ernestio
1014 2081 1109 2116 haec
1144 2087 1320 2115 varietas

149 2134 406 2179 suspicionem
432 2128 539 2176 fecit
575 2129 697 2162 locum
733 2128 1008 2172 interpolatum
1045 2140 1141 2162 esse.
1218 2128 1319 2161 Sane

151 2181 272 2218 multo
301 2180 513 2221 elegantius
547 2175 724 2208 abessent
763 2179 860 2206 isca:
911 2184 1020 2227 atque
1051 2184 1092 2209 ut
1118 2185 1203 2209 eum
1230 2185 1319 2210 uuae

152 2225 327 2261 libidines
349 2223 551 2271 flagitiosae
580 2220 702 2257 facere
727 2218 993 2256 admonebant.
