1420 2491
157 161 204 204 50
482 135 543 186 m
566 144 776 184 VERREM
821 144 937 183 Aer.
961 144 1016 180 11.
1243 176 1261 196 ,

160 246 447 292 reservavit.¹
504 242 706 295 Quaerat
723 257 818 284 non
836 239 1011 294 solum,
1048 235 1347 296 quemadmoo

161 306 275 347 dum
301 309 458 345 nostro
493 298 699 354 crimini,
732 312 892 341 verum
922 296 1060 337 etiam
1089 309 1177 351 quo
1206 301 1342 350 pacto

160 376 269 408 ,suae
307 356 579 401 confessioni
605 356 745 414 possit
780 352 974 396 mederi..
1052 350 1344 405 Meminerit,

163 433 212 460 56
240 417 396 473 priore
427 414 629 468 actione,
666 412 864 454 ciamore
881 406 1042 466 populi
1065 405 1258 450 Romani
1274 405 1346 447 in-

165 473 282 516 festo
303 480 434 528 atque
453 470 640 513 inimico
656 468 928 521 excitatum,
958 462 1215 506 confessum
1233 476 1348 517 esse,

170 531 307 573 duces
338 544 363 570 a
389 544 434 570 se
461 526 746 585 praedonum
765 523 912 566 securi
932 536 1026 564 non
1048 534 1140 562 esse
1159 531 1347 576 porcus-

168 601 268 641 sos·,
301 600 347 627 se
375 585 468 626 iam
494 591 594 624 tum
614 597 707 625 esse
723 581 943 633 veritum,
980 592 1038 619 ne
1059 575 1144 618 sibi
1163 573 1347 627 crimini

170 644 382 699 daretur,
417 656 492 684 eos
518 640 573 680 ab
602 654 647 680 se
672 637 867 703 pecunia
899 635 1127 677 liberatos.
1192 628 1349 673 Fatea-

169 707 246 742 tur
266 697 337 755 id,
379 696 501 755 quod
526 710 683 751 negarl
700 709 794 737 non
816 699 990 749 potest,
1019 705 1089 745 se,
1115 688 1348 746 privatum

169 755 407 798 hominem
419 786 432 809 ,
466 753 751 810 praedonum
771 750 906 792 duces
925 748 1049 791 vivos
1070 754 1202 801 atque
1221 743 1349 786 inco-

167 811 316 855 lumes
345 811 469 853 domi
497 824 627 862 suae,
662 815 956 865 posteaquam
977 803 1176 844 Romam
1202 799 1351 842 redie-

171 869 260 924 rit,
303 882 445 924 usque
483 866 592 908 dum
625 879 709 920 per
736 877 809 905 me
837 860 1043 911 licuerit,
1096 857 1346 900 tenuisse-²

172 924 304 981 Hoc,
339 924 388 966 in
414 920 494 964 isso
523 920 768 963 maiestatis
796 917 963 960 iudicio
995 916 1032 958 si
1051 914 1231 957 licuisse
1260 909 1347 954 sibi

174 979 438 1035 ostenderit,
465 993 549 1035 ego
573 975 824 1034 oportuisse
845 972 1105 1015 concedam.
1163 968 1239 1010 Ex
1256 967 1346 1009 hoc

175 1052 355 1094 quoque
385 1034 598 1077 evaserit:
668 1032 899 1074 roficiscar
919 1045 996 1085 eo,
1035 1042 1124 1085 quo
1144 1040 1218 1067 me
1235 1024 1348 1066 iam-

171 1094 353 1155 pridem
373 1099 504 1134 vocat
516 1105 629 1147 popl
662 1104 712 1131 us
731 1089 981 1130 Romanus.
1014 1085 1086 1126 De
1105 1084 1204 1125 iure
1223 1079 1348 1122 enim

171 1148 393 1193 libertatis
413 1156 456 1188 et
469 1146 658 1188 civitatis
677 1159 811 1187 suum
830 1149 962 1200 putat
987 1155 1081 1184 esse
1099 1137 1348 1192 iudicium;

171 1214 220 1248 et
246 1213 369 1247 recte
403 1210 545 1261 putat.
632 1199 905 1255 Confringat
931 1198 1014 1240 iste
1040 1211 1145 1238 sane
1182 1194 1227 1236 vi
1262 1206 1344 1235 sua

173 1260 362 1304 consilia
394 1258 641 1313 senatoria,
687 1255 969 1314 quaestiones
1001 1252 1207 1297 omnium
1242 1263 1348 1306 per-

168 1325 382 1375 rumpat,
419 1315 565 1358 evolet
593 1327 652 1356 ex
669 1321 814 1357 vestra
834 1311 1093 1354 severitate:
1118 1306 1232 1350 mihi
1250 1320 1348 1347 cre-

173 1375 265 1417 dite
278 1406 290 1429 ,
328 1371 596 1415 arctioribus
619 1370 738 1427 apud
758 1368 981 1425 populum
1001 1367 1263 1409 Romanum
1280 1362 1347 1404 la·

173 1431 300 1488 queis
325 1428 568 1471 tenebitur.
644 1425 810 1469 Credet
837 1425 891 1466 iis
928 1422 1149 1481 equitibus
1175 1420 1347 1462 Roma-

169 1487 243 1531 nis
267 1486 461 1543 populus
481 1484 741 1538 Romanus,
782 1481 857 1539 qui
887 1480 943 1522 ad
974 1495 1051 1523 vos
1080 1485 1214 1520 antea
1236 1490 1346 1532 pro-

172 1543 300 1585 ducti
324 1549 482 1596 testes,
520 1541 626 1598 ipsis
656 1537 1035 1596 inspectantibus,
1081 1534 1137 1576 ab
1165 1533 1253 1576 isto
1282 1530 1346 1573 ci·-

170 1614 275 1644 vem
294 1599 555 1641 Romanum
567 1629 580 1651 ,
611 1597 686 1653 qui
707 1594 961 1651 cognitores
976 1592 1184 1635 homines
1203 1588 1348 1631 hone·-

168 1664 262 1700 atos
292 1655 443 1709 daret,
478 1654 707 1695 sublatum
727 1666 819 1694 esse
837 1651 885 1692 in
904 1664 1088 1693 crucem
1115 1646 1345 1689 dixerunt.

171 1712 374 1754 Credent
399 1725 555 1752 omnes
582 1724 611 1752 v
653 1717 695 1750 et
731 1722 832 1749 xxx
864 1706 1007 1748 tribus
1041 1703 1218 1747 homini
1241 1716 1346 1757 gra-

167 1768 352 1811 vissimo
382 1774 514 1823 atque
543 1765 827 1808 ornatissimo
856 1762 922 1804 Μ.
942 1762 1121 1817 Annio,
1158 1761 1260 1817 qui,
1295 1772 1344 1800 se

171 1832 433 1882 praesente,
468 1823 612 1866 civem
628 1823 890 1864 Romanum
914 1819 1059 1861 securi
1077 1829 1346 1876 percussum

170 1896 264 1923 esse
294 1881 422 1922 dixit.
505 1879 732 1921 Audietur
767 1892 793 1919 a
822 1876 995 1935 populo
1022 1876 1233 1918 Romano
1271 1871 1344 1915 vir

167 1938 447 2000 primarius,
477 1951 611 1993 eques
630 1935 887 1989 Romanus,
933 1932 988 1973 L.
1019 1931 1219 1985 Flavius,
1262 1927 1342 1986 qui

167 2008 303 2036 suum
338 1992 613 2035 familiarem
644 1991 972 2053 Herennme
1011 1987 1343 2045 negotiatorem.
1370 2034 1380 2038 ὴ
1419 1983 1420 2004 ³

165 2063 227 2090 ex
243 2049 427 2105 Africa,
466 2063 608 2105 quum
636 2061 739 2093 eum
762 2047 995 2106 Syracus¹s
1025 2043 1219 2103 amplius
1237 2055 1344 2088 cen-z

215 2183 249 2216 1)
271 2175 463 2210 reservarit
496 2174 638 2211 Lamb⁶

204 2225 249 2265 3)
271 2221 467 2258 retinuisse
491 2221 630 2256 Lama.
