1431 2481
182 127 234 162 ,28
494 118 551 158 m
579 118 784 160 vimnau
825 120 940 158 mr.
966 121 1018 158 11.

188 226 334 269 neque
360 210 409 255 in
428 209 631 268 horreis,
659 227 804 270 neque
824 213 872 256 in
892 214 1167 272 amovend03
1203 231 1354 275 neque

135 294 137 297 ·
188 269 240 312 in
260 267 532 333 asportando
545 277 555 297 1
569 267 814 326 frumento,
832 285 970 327 grano
990 285 1080 314 uno
1097 274 1240 330 possit
1255 289 1352 317 ara·

189 334 264 367 tor
289 339 384 366 sme
409 324 608 366 maxima
637 340 780 381 poena
800 326 1010 370 fraudare
1040 328 1353 374 decumanum.

193 381 373 437 Scripta
389 380 466 422 lex
483 380 545 422 ita
563 381 799 437 diligenter
817 391 905 438 est,
935 391 988 427 ut
1006 385 1354 443 eun1.sc1·ipsisse

195 444 432 494 appareat,
472 437 548 492 qui
574 437 660 479 alia
685 438 918 494 vectigalia
943 455 1035 482 non
1053 440 1263 498 haberet3
1289 440 1361 486 itav

195 501 348 546 acute,
385 501 437 535 ut
457 493 682 547 Siculum3
719 494 781 536 ita
811 509 982 551 severe,
1012 504 1062 538 ut
1083 506 1354 554 tyrannumz,

195 564 281 604 qua
298 549 396 602 lege
418 549 578 591 Siculis
602 557 754 592 tamen
781 565 906 593 arare
935 552 1178 610 expediret.
1232 554 1356 599 Nam

192 605 256 646 ita
274 605 513 662 diligenter
531 606 773 647 constituta
791 615 895 648 sunt
905 608 1004 650 iura
1022 608 1290 668 decumano,
1306 620 1360 654 ut

192 661 421 759 tamenfab
441 661 581 704 invito
603 669 777 706 aratore
798 662 900 719 plus
922 663 1110 710 decuma
1135 682 1231 711 non
1254 683 1357 726 pos·-

195 716 251 759 sit
276 732 332 758 au
355 717 458 759 erri.

307 829 391 872 IX.
419 829 573 882 Quum
590 830 702 874 haec
720 840 866 876 essent
882 834 944 876 ita
960 834 1215 892 constituta,
1237 835 1358 880 Ver-

195 901 265 929 res
285 893 355 929 tot
383 887 508 928 annis
537 895 667 945 atque
696 889 805 932 adeo
833 891 1017 932 saeculis
1041 892 1249 935 inventus
1276 900 1356 950 est,

195 943 272 999 qui
297 941 408 985 haec
435 958 529 985 non
559 947 869 1002 commutarit,
913 948 990 989 sed
1019 949 1252 1003 everterit3
1284 965 1359 992 ea*

193 1012 302 1054 que,
333 1013 444 1054 quae
463 999 634 1042 iamdiu
660 1001 715 1042 ad
733 1002 923 1044 salutem
950 1004 1199 1061 sociorum,
1237 1003 1358 1048 utili-

192 1062 419 1111 tatemque
432 1055 498 1096 rei
518 1056 723 1113 publicae
744 1059 993 1114 composita
1012 1069 1356 1118 comparataque

190 1118 352 1167 essent,
381 1111 436 1152 ad
454 1126 556 1153 suos
576 1112 932 1168 improbissimos
949 1124 1157 1172 quaestus
1173 1131 1360 1161 conver·

190 1167 318 1209 terit:
339 1175 357 1198 2
388 1167 466 1223 qui
491 1168 691 1224 primum
718 1177 865 1212 certos
892 1171 1137 1214 instituerit
1168 1176 1356 1217 nomine

189 1221 478 1277 decumanos,
490 1240 538 1265 re
548 1238 652 1266 vera
662 1225 891 1268 ministros
903 1242 952 1268 ac
962 1226 1172 1270 satellites
1183 1228 1359 1294 cupidi·

188 1285 336 1320 tatum
350 1293 546 1321 suarum.
566 1279 654 1321 Per
665 1295 776 1336 quos
797 1282 1030 1325 ostendam
1048 1283 1112 1325 sic
1129 1286 1359 1340 provinci-

189 1348 263 1375 am
273 1348 355 1391 per
365 1335 613 1377 triennium
623 1344 830 1378 vexatam
849 1345 979 1394 atque
990 1346 1221 1396 vastatam,
1234 1341 1359 1388 judi-

191 1403 278 1445 ceS‚
297 1398 347 1432 ut
366 1405 463 1432 eam
482 1392 635 1433 multis
647 1393 1074 1446 annis‚mu„lt0rum³
1091 1405 1357 1453 praetorum

189 1444 450 1488 innocentia
485 1447 788 1504 sapientiaque
825 1464 1027 1492 recreare
1065 1467 1356 1510 nequeamus.

189 1500 366 1544 Eorum
396 1503 626 1557 omnium,
675 1505 752 1559 qui
785 1504 1022 1549 decumani
1056 1509 1359 1565 vocabantur,

187 1557 398 1614 princeps
418 1566 513 1600 erat
523 1559 578 1615 Q.
590 1558 666 1601 ille
677 1562 924 1617 Apronius,
947 1577 1079 1619 quem
1097 1565 1280 1609 videtis:
1298 1566 1358 1608 de

187 1612 313 1655 cuius
340 1614 624 1670 improbitate
657 1615 872 1672 singulari
900 1619 1262 1681 gravissimarum
1290 1623 1357 1665 le-

185 1669 419 1724 gationum
439 1671 738 1726 querimonias
759 1682 779 1710 4
810 1673 1006 1717 audistis.
1092 1676 1354 1737 Adspicite‚

232 1875 267 1913 κ)
294 1873 522 1920 exportando
546 1875 670 1912 edidit
692 1877 867 1915 Lambta.
887 1879 1302 1926 probamecaratono.

228 1931 267 1972 2)
290 1930 338 1964 In
366 1931 450 1965 cod.
483 1934 611 1969 Nann.
642 1935 837 1982 legebatur
869 1947 1111 1973 commutaret
1132 1959 1180 1969 —
1208 1950 1347 1975 everte·

180 1985 237 2011 ret
257 1995 297 2016 ···.
324 1988 565 2013 converteret.
621 1981 732 2027 Quod
773 1983 913 2018 Graev.
936 1985 1029 2024 Ενη,
1057 1985 1170 2019 Beck.
1201 1998 1345 2033 recepe·

180 2031 283 2055 runc.
347 2026 405 2057 At
427 2023 566 2058 ‘horum
601 2036 809 2073 temporum
841 2029 976 2064 eadem
1007 2032 1110 2065 ratio
1139 2041 1213 2070 ctu,
1249 2045 1346 2080 quae

175 2068 310 2112 paullo
334 2080 426 2116 post
456 2075 496 2103 in
523 2071 735 2111 instituerit.

219 2125 263 2170 3)
290 2125 352 2159 Sic
371 2126 551 2162 Lambin.
604 2130 729 2178 Vulgo
750 2132 860 2168 abest
876 2142 1103 2180 praetorum.

217 2181 259 2228 4)
291 2183 399 2220 Gruc.
421 2185 663 2231 querimonia.
