1431 2481
232 142 300 178 218
576 141 634 178 IN
657 143 863 183 VERREM
907 151 1020 188 ACT.
1047 154 1097 191 11.

231 231 400 273 auxilio
429 229 637 277 futurum
666 235 832 295 putas?
869 243 974 288 Tibi
993 247 1066 289 illa
1086 249 1236 298 Diana
1252 255 1300 298 in
1316 271 1394 312 pa-

227 301 276 326 ce
317 293 447 341 ‹it-fue
482 290 531 331 in
567 293 659 334 otio
694 295 959 354 religionem
999 305 1171 349 nullam
1206 310 1391 355 attulit?
1410 322 1418 325 ’

223 356 337 397 quae
363 358 503 399 quum
531 347 637 389 duas
665 351 822 409 urbes,
859 355 908 398 in
935 359 1094 414 quibus
1122 362 1268 408 locata
1293 366 1389 411 lue—

225 406 319 451 rat,
357 409 507 456 captus
535 403 825 463 incensasque
853 412 1054 471 vidisset,
1102 417 1170 460 bis
1193 435 1252 464 ex
1278 423 1388 467 duo·

219 468 324 495 rum
363 454 586 500 bellorum
620 460 804 506 flamma
846 467 1264 527 ferroqueservata
1297 488 1387 535 est;

219 524 332 567 quae
351 510 800 571 Karilmginiensiuln
819 524 1006 569 victoria
1019 559 1032 579 ‚
1069 529 1171 573 loco
1192 541 1383 592 mutato,
1430 574 1431 578 ,

216 566 484 622 religionem
512 578 663 615 tamen
682 590 774 617 non
794 579 962 633 amisit3
999 583 1047 625 P.
1069 586 1275 632 Africani
1294 592 1382 633 vir-

217 629 313 664 tute
340 624 607 680 religionem
638 631 772 673 simul
810 649 914 677 cum
948 637 1048 681 loco
1084 647 1380 701 recuperavit.
1430 656 1431 668 ¹

214 677 320 728 Quo
360 681 539 735 quidem
570 685 738 729 scelere
775 701 1006 750 suscepto,
1059 712 1198 754 quum
1236 702 1380 746 inanis

213 743 328 776 esset
354 736 490 791 basis,
531 747 576 781 et
601 740 650 782 in
679 757 728 784 ea
760 745 808 786 P.
843 747 1046 793 Africani
1069 767 1238 799 nomen
1267 758 1377 801 inci-

208 804 336 833 sum:
374 807 444 835 res
473 794 655 852 indigna
681 806 812 856 atque
841 803 1122 851 intoleranda
1142 811 1377 858 videbatur

210 847 444 904 omnibus,
479 865 571 893 non
601 854 746 897 solum
780 859 1020 916 religiones
1052 879 1144 907 esse
1173 868 1374 926 violatas,

205 912 365 946 verum
398 905 535 948 etiam
563 908 612 949 Ρ.
633 910 862 969 Africani,
898 917 984 960 viri
1008 918 1264 980 fortissimi,
1302 940 1374 967 re-

204 972 310 999 rum
336 969 563 1016 geslarum
592 965 808 1025 gloriam,
861 976 1127 1018 memoriam
1166 979 1369 1036 virtutis,

201 1026 496 1059 monumenta
530 1021 766 1080 victoriae,
790 1058 795 1059 ν
815 1026 865 1069 C.
896 1029 1091 1074 Verrem
1127 1036 1369 1079 sustulisse.

203 1068 339 1124 Quod
368 1088 509 1129 quum
537 1076 611 1118 isti
640 1083 978 1127 renuntiaretur
997 1087 1050 1129 de
1079 1088 1171 1131 basi
1199 1105 1250 1132 ac
1268 1092 1368 1135 lile-

199 1126 286 1181 ris,
326 1129 598 1174 existimavit
623 1133 827 1181 homines
854 1140 902 1182 in
931 1142 1204 1188 oblivionem
1227 1149 1365 1191 totius

197 1185 367 1238 negotii
399 1200 490 1229 esse
526 1197 762 1248 vemuros,
807 1196 845 1237 si
874 1197 1008 1240 etiam
1036 1199 1203 1257 basim,
1247 1211 1363 1246 tam-

195 1251 329 1293 quam
351 1240 545 1285 indicem
572 1247 640 1287 sui
656 1248 856 1304 sceleris,
891 1255 1148 1297 sustulisset.
1204 1258 1360 1316 Itaque

193 1294 441 1338 tollendam
470 1298 596 1342 istius
621 1302 812 1359 imperio
832 1307 1115 1353 locaverunt:
1150 1328 1262 1370 quae
1283 1331 1359 1357 vo-

192 1346 258 1390 bis
295 1351 458 1394 locatio
490 1370 558 1399 'ex
601 1358 791 1414 publicis
829 1363 1176 1420 Segestanorum
1212 1371 1356 1414 literis

189 1406 343 1460 priore
369 1410 543 1454 actione
571 1415 756 1458 recitata
782 1426 858 1460 est.

301 1519 533 1565 XXXVI.
590 1525 657 1568 Te
687 1543 831 1586 nune,
867 1532 919 1575 Ρ.
946 1534 1122 1593 Scipio,
1167 1546 1237 1595 te,
1284 1540 1354 1583 in-

186 1590 353 1631 quam,
417 1579 711 1626 lectissimum
750 1589 1170 1649 ornatissimumque
1202 1595 1353 1638 adole-

183 1642 383 1674 scentem
411 1636 611 1691 appello:
647 1639 722 1681 abs
751 1648 795 1684 te
815 1643 1015 1688 officium
1035 1656 1188 1705 tuum,
1226 1651 1350 1694 debi-

184 1695 280 1729 tum
307 1691 462 1744 generi
494 1699 537 1732 et
564 1695 735 1738 nomini
763 1702 945 1756 requiro
964 1711 1008 1744 et
1027 1703 1195 1761 flagito.
1252 1707 1348 1750 Cur

181 1756 266 1799 pro
286 1743 370 1786 isto
383 1777 395 1800 ,
433 1746 508 1803 qui
526 1748 705 1793 laudem
730 1752 1038 1845 honoremgue
1056 1759 1253 1804 familiae
1273 1778 1348 1806 ve-

179 1807 296 1841 strae
328 1801 613 1859 depeculatus
643 1815 732 1865 est,
769 1826 942 1867 pugnas
960 1848 969 1857 .
1027 1831 1109 1859 cur
1137 1831 1241 1859 eum
1269 1819 1345 1860 de·

177 1854 357 1898 sensum
381 1874 472 1900 esse
492 1855 592 1902 vis?
620 1878 701 1904 cur
721 1880 803 1922 ego
824 1875 921 1910 tuas
944 1879 1092 1926 partes
1109 1874 1223 1914 susci
1259 1874 1302 1916 io
1316 1869 1342 1916 ?

179 1925 260 1952 cur
280 1919 411 1955 tuum
429 1929 540 1957 onus
555 1923 574 1945 ¹
607 1920 802 1963 sustineo
815 1918 838 1964 '2
868 1925 933 1967 Μ.
954 1926 1130 1969 Tullius
1148 1928 1199 1971 P.
1263 1928 1342 1972 fri-

178 1967 277 2008 cani
305 1977 826 2031 monumenta'requirit:
863 1980 913 2022 P.
933 1983 1085 2040 Scipio
1107 1998 1233 2039 eum,
1262 1986 1340 2042 qui

173 2021 279 2064 illa*
308 2027 511 2081 sustulit,
542 2029 755 2075 defendit.
812 2035 966 2092 Quum
983 2053 1081 2083 mos
1108 2054 1134 2082 a
1154 2041 1338 2086 maiori·

220 2163 255 2200 ι)
281 2159 411 2193 ζαιηᾰ
441 2174 461 2193 e
483 2163 558 2197 Ms.
581 2177 724 2202 munus.
870 2209 872 2211 ,
1067 2212 1072 2216 ,

216 2209 254 2248 2)
279 2203 456 2243 Ernestio
475 2205 539 2245 illa
559 2210 766 2249 videbatur
793 2217 931 2254 melius
958 2220 1104 2264 abesse„
