1431 2481
220 126 263 166 14
431 118 501 156 ms
515 119 718 157 VERREM
741 120 856 157 Ac‘r.
878 121 928 156 11.
974 121 1067 158 us.
1090 121 1160 157 111.

217 219 419 259 annulum
453 231 645 266 aureum,
674 224 772 269 'quo
797 218 945 258 Verres
973 219 1152 258 scribam
1179 218 1303 259 suum*
1331 220 1378 260 in

216 289 414 327 concione
443 286 679 326 donaverat.
708 299 741 324 c.
758 287 825 324 80.

351 425 494 464 Tertia
533 437 626 475 pars
658 417 855 462 'orationis
884 421 1035 462 Verris,
1061 422 1176 462 furta
1209 421 1256 460 in
1271 420 1376 474 sru-

216 502 350 536 mento
383 494 606 530 aestimato
634 491 906 543 persequitur.
991 490 1056 528 Ex
1082 495 1246 528 senatus
1275 502 1375 527 con·

214 565 324 603 sulto
362 568 403 599 ot
430 573 482 598 ex
518 559 675 611 legibus
712 560 969 597 frumentum
996 557 1117 596 Verri
1152 558 1198 596 in
1229 557 1375 596 cellam

212 643 375 670 sumere
402 627 573 675 licebat3
612 627 737 677 idque
755 626 1012 665 frumentum
1036 634 1200 676 sengtus
1228 626 1286 664 ita
1305 638 1374 662 ae-

210 700 473 744 stimaverat,
515 695 726 746 quaternis
746 693 850 731 {7135
878 693 1007 731 tritici
1028 685 1234 742 modium,
1267 693 1374 730 binis

210 765 372 807 hordei.
457 762 604 802 Verres
632 763 814 814 primum
843 774 1064 800 numerum
1093 761 1144 798 ad
1171 751 1372 799 summam

211 834 343 874 tritici
373 831 541 878 adiecit,
575 829 722 868 deinde
753 831 880 867 tritici
900 829 1059 867 modios
1077 829 1257 880 singulos
1279 841 1371 866 cnm

211 902 457 943 aratoribus,
474 897 654 936 denariis
674 898 824 946 ternis,
860 897 905 936 id
923 903 985 935 est
1002 896 1202 934 duodenis
1221 901 1373 934 sester-

207 973 277 1011 tiis
306 967 550 1008 aestimavit.
607 964 692 1003 Iam
720 964 800 1003 hoc
826 965 992 1018 quidem
1020 963 1163 1003 Cicero
1190 976 1273 1001 non
1303 975 1373 1001 re-

207 1038 452 1093 prehendit,
490 1048 584 1073 eum
611 1033 868 1072 frumentum
901 1033 1011 1085 quod
1029 1033 1075 1070 in
1097 1031 1241 1069 cellam
1263 1030 1373 1068 sumi

208 1111 421 1160 oporteret
448 1103 701 1149 aestimasse,
747 1108 788 1140 et
814 1103 1032 1154 pecuniam
1060 1113 1136 1152 pro
1159 1099 1373 1137 frumento

208 1175 447 1223 abstulisse3
496 1171 604 1209 hanc
631 1170 743 1207 enim
772 1172 975 1209 rafiouem
1005 1170 1054 1207 ab
1090 1172 1253 1204 aratore
1280 1164 1375 1217 pri-

208 1257 323 1283 mum
343 1241 574 1294 profectum
595 1251 700 1285 esse,
738 1245 809 1275 aut
834 1239 883 1276 ab
903 1251 949 1274 ea
979 1235 1170 1281 civitate,
1207 1232 1275 1270 cui
1292 1231 1373 1270 hoc

207 1313 373 1351 frumen
381 1316 466 1347 tum
484 1308 528 1346 in
549 1307 692 1345 cellam
710 1306 1010 1357 imperaretur3
1044 1315 1172 1353 quum
1191 1306 1263 1338 aut
1277 1300 1372 1338 fru-

208 1385 396 1418 mentum
433 1375 704 1421 vendidisset,
755 1378 828 1410 aut
851 1383 1014 1410 servare
1043 1369 1189 1416 vellet,
1226 1372 1299 1405 aut
1325 1366 1371 1404 in

207 1460 303 1485 eum
320 1446 480 1492 locum,
511 1457 590 1495 quo
609 1442 901 1493 imperabatur,
920 1443 1085 1490 portare
1105 1435 1260 1484 nollet;
1287 1434 1370 1473 ita-

208 1528 288 1567 que
317 1514 367 1551 ab
395 1512 446 1550 iis
473 1512 650 1564 petitum
679 1523 763 1548 esse
781 1509 826 1546 in
850 1505 1042 1546 beneficii
1070 1504 1184 1552 loco,
1214 1507 1274 1540 xut
1290 1501 1372 1540 sibi

206 1597 284 1636 pro
304 1582 535 1628 frumento,
567 1578 711 1630 quanti
737 1577 994 1615 frumentum
1012 1578 1116 1611 esset
1142 1571 1240 1609 dare
1265 1569 1370 1607 lice-

205 1657 282 1690 ret.
341 1649 423 1687 Sed
440 1647 581 1686 Verris
601 1647 757 1684 crimen
779 1658 831 1682 ex
847 1658 894 1681 eo
917 1641 1096 1694 pendere
1115 1637 1228 1686 dicit,
1256 1635 1370 1689 quod

205 1720 257 1757 ab
284 1716 537 1765 aratoribus,
582 1728 708 1765 quum
738 1712 841 1750 3:125
867 1710 995 1749 ternis
1023 1706 1157 1747 tritici
1183 1703 1369 1743 modium

205 1788 386 1827 vendere
411 1799 497 1823 non
534 1788 720 1835 possent,
765 1779 914 1818 Verres
941 1774 1214 1814 iniustissima
1240 1771 1368 1811 aesti-

203 1856 387 1894 matione
425 1853 474 1890 ab
513 1852 562 1890 iis
599 1864 674 1903 pro
709 1847 880 1900 singulis
921 1843 1070 1883 modiis
1113 1847 1254 1880 ternos
1291 1838 1366 1876 de·-

201 1924 360 1972 narios,
397 1922 441 1960 id
470 1916 533 1958 est'
558 1918 663 1956 Hs&
692 1916 902 1955 duodenos
929 1911 1123 1964 exigeret.
1150 1922 1184 1946 c.
1213 1907 1279 1946 81.
1298 1907 1364 1944 82.

203 1990 348 2042 Neque
381 2004 481 2029 vero
511 1988 683 2027 Verrem
718 1986 854 2024 dicere
889 1994 1007 2035 posse
1045 1978 1139 2017 illos
1181 1981 1364 2016 aratores

199 2066 396 2099 vecturae
427 2057 672 2096 djsficultate
700 2053 897 2092 adductos
915 2056 1053 2088 ternos
1082 2045 1272 2085 denarios
1290 2042 1365 2080 da-
1404 2087 1410 2095 x

199 2142 245 2167 re
274 2128 478 2166 maluisse.
565 2125 673 2164 Nam
701 2136 777 2162 nec
815 2120 896 2158 alio
925 2114 1175 2171 portandum
1213 2111 1364 2156 fuisse,

201 2202 243 2235 et
266 2197 311 2234 in
334 2195 499 2244 Sicilia,
535 2208 617 2246 quo
637 2192 809 2244 quisque
828 2189 1088 2226 frumentum
1106 2181 1259 2220 vehere
1274 2179 1367 2216 ius-
