1420 2491
178 134 246 175 104
491 130 549 166 IN
572 129 780 166 VERREM
826 131 939 167 Ac‘r.
965 131 1020 167 Π.

174 222 373 264 dinariae
390 224 637 280 pecuniae,
663 238 770 281 quas
784 224 910 266 nullo
923 224 1059 281 duce,
1088 232 1242 268 tamen
1262 224 1353 268 ali-.

176 293 265 376 {ua
293 292 350 319 ex
377 279 602 343 particula
636 281 979 336 investigamus,
1009 281 1342 324 redundarunt:

213 334 284 375 inc
314 342 431 376 ratio
461 350 566 377 cum
593 336 648 393 Q.
677 344 720 377 et
747 336 830 378 Cn.
849 336 1075 379 Postumis
1095 336 1287 391 Curtiis,
1319 342 1339 366 1

178 390 333 433 multis
344 390 603 434 nominibus
614 425 627 446 ,
675 408 866 449 quorum
878 393 923 434 in
942 393 1104 434 tabulis
1117 393 1197 436 iste
1211 392 1350 436 habet'

180 446 388 501 nullum,
418 446 523 489 hinc
554 452 655 490 1:125
686 449 987 504 quaterdecies
1013 449 1063 490 P.
1093 449 1238 491 Tadio
1265 465 1350 491 nu·-

184 510 409 544 meratum
437 513 453 533 ²
481 503 696 559 Athenis,
740 505 924 546 testibus
952 505 1139 561 planum
1163 503 1349 548 faciam:

182 558 289 601 hinc
307 567 458 616 empta
484 561 760 617 apertissime
785 569 1019 616 praetura,
1048 561 1134 603 nisi
1159 559 1277 603 forte
1301 561 1348 603 id

184 615 321 657 etiam
349 616 537 657 dubium
566 625 653 673 est,
697 617 923 673 quomodo
962 617 1041 658 iste
1070 625 1251 673 praetor
1284 616 1351 659 fas-

186 680 284 718 cjus
305 672 373 713 sit.
414 672 567 714 Homo
588 673 756 714 scilicet
775 680 852 714 aut
868 673 1110 727 industria,
1138 680 1215 715 aut
1245 688 1352 730 ope-

186 742 238 768 ra
258 727 446 784 probata
459 760 468 769 .
496 737 572 770 aut
586 728 854 784 frugalitatis
874 729 1204 771 existimatione
1221 744 1352 786 prae-

189 783 333 838 clara,
362 794 435 826 aut
464 785 680 842 denique,
717 784 763 825 id
799 785 920 840 quod
957 785 1234 827 levissimum
1261 793 1352 841 est,

191 840 471 895 assiduitate,
501 843 573 896 qui
596 849 696 882 ante
718 849 1004 903 quaesturam
1021 856 1124 883 cum
1146 842 1355 883 meretri-

191 896 316 937 cibus
350 897 674 953 lenonibusque
708 895 922 951 vixisset,
980 903 1265 952 quaesturam
1292 897 1353 938 ita

193 952 422 1008 gessisset,
450 952 828 1009 quemadmodum
858 952 1149 1008 cognovistis,
1180 951 1366 995 Romae.

193 1015 297 1066 post
326 1017 612 1064 quaesturam
651 1008 776 1049 illam
796 1006 1015 1050 nefariam
1045 1008 1126 1050 vix
1151 1005 1355 1050 triduum

195 1063 488 1119 constitisset,
516 1064 671 1106 absens
690 1063 850 1105 nonin
876 1064 1099 1106 oblivione
1126 1064 1357 1118 iacuisset,

195 1119 273 1161 sed
291 1120 339 1161 in
358 1120 532 1162 assidua
549 1120 976 1162 commemoratione
995 1120 1204 1162 omnibus
1214 1121 1360 1161 omni-

195 1189 276 1217 um
298 1175 572 1230 flagitiorum
592 1175 769 1217 fuisset:
799 1175 836 1216 is
854 1183 1040 1231 repente
1093 1183 1143 1218 ut
1161 1177 1359 1218 Romam

195 1231 345 1287 venit,
371 1232 508 1288 gratis
524 1239 708 1288 praetor
727 1230 870 1273 factus
890 1229 974 1273 est!
1002 1207 1105 1274 Alia
1123 1246 1262 1288 porro
1281 1246 1360 1287 pe-

197 1288 351 1344 cunia,
378 1303 433 1329 ne
454 1295 759 1340 accusaretur,
789 1288 900 1329 data.
960 1287 1045 1328 Cui
1064 1288 1119 1329 sit
1137 1288 1261 1343 data,
1289 1287 1360 1328 ni·-

193 1342 262 1386 hil
281 1344 335 1386 ad
354 1359 426 1386 me
438 1376 452 1400 ,
481 1343 593 1386 nihil
611 1344 668 1386 ad
686 1358 783 1386 rem
791 1343 1020 1402 pertinere
1039 1343 1257 1386 arbitror:
1284 1342 1367 1388 da-.

195 1491 330 1527 tabulis
351 1490 527 1526 habebas.
581 1492 736 1538 Optima
759 1503 851 1525 vero
873 1492 976 1525 ratio
997 1501 1052 1525 est
1070 1489 1361 1537 Wytterzbaclcii

198 1536 303 1573 Bibl.v
321 1544 438 1572 critic.
473 1539 557 1571 Vol.
581 1539 611 1570 Ι.
637 1539 681 1572 Ρ.
702 1539 809 1582 ΙΙ.ρ.
831 1550 865 1581 9.
889 1550 982 1584 quae
1006 1547 1064 1576 tu,
1092 1536 1206 1570 homo
1227 1535 1360 1569 cautis-

197 1583 311 1617 simus
344 1584 421 1617 aliis
455 1584 490 1617 in
524 1584 654 1617 tabulis
683 1583 857 1617 habebas.
908 1585 1085 1621 „Verres
1109 1585 1362 1627 nimirumpe-

200 1642 365 1668 cumam,
390 1644 501 1677 qnam
522 1631 611 1664 aliis
622 1636 867 1675 surripuerat,
891 1635 931 1663 ιἰι
951 1630 1104 1664 tabulas
1114 1641 1203 1663 suas
1215 1639 1291 1661 non
1304 1639 1363 1659 re-

187 1674 372 1722 ferebat,
399 1689 515 1723 neque
539 1687 653 1709 ettam
676 1678 710 1708 si
727 1688 839 1722 quam
858 1675 948 1709 aliis
969 1675 1150 1714 dederat,
1177 1687 1223 1707 ne
1253 1673 1363 1706 tabu-

197 1722 246 1755 lis
265 1727 343 1756 suis
365 1724 544 1756 convinci
559 1732 686 1768 posset
705 1727 741 1754 in
763 1720 922 1755 iudicio.
956 1722 1093 1767 Itaque
1109 1734 1177 1766 per
1197 1719 1366 1754 cavilla·

200 1773 343 1801 tionem
362 1779 523 1801 zvocatur
546 1774 804 1804 cautlssimus,
832 1766 1016 1813 quodilla
1046 1770 1204 1800 nomina
1225 1777 1302 1799 non
1323 1770 1366 1798 in.

197 1815 299 1852 suis,
325 1813 396 1847 sed
420 1815 583 1847 allorum
613 1814 753 1846 tabulis
785 1813 962 1850 habebas,
1002 1813 1135 1860 quibus
1158 1823 1286 1846 tamen
1306 1821 1367 1844 ta-

199 1859 300 1893 bulis
321 1860 633 1893 convincebatur.
689 1856 748 1904 Cs.
771 1872 867 1904 quae
888 1871 978 1892 mox
1002 1869 1228 1904 sequuntur.-
1250 1856 1366 1890 homo

197 1905 411 1939 stultissime
437 1915 472 1939 et
495 1904 741 1938 amentissime
773 1924 821 1932 -
850 1904 1032 1938 dicturum
1056 1902 1321 1938 existimasti.“

247 1964 280 2003 1)
307 1963 368 1996 Sic
399 1964 556 1996 Ursinus
577 1962 843 2008 corrigendum
857 1966 1032 2008 putavit,
1077 1961 1267 2008 probante
1292 1960 1371 1993 Ga-

199 2018 355 2041 ratono.
408 2010 509 2042 IVam
543 2009 738 2042 Postumus
767 2018 825 2042 est
855 2005 1259 2054 cognomensamiliae
1278 2004 1372 2039 Cur-

197 2054 357 2091 tiorum‚
386 2064 421 2086 et
446 2051 554 2099 infra
577 2056 654 2088 soli
676 2054 795 2088 Curtii
818 2059 1079 2088 nominantur.
1133 2052 1256 2100 Vulgo
1271 2051 1322 2096 Q.
1335 2059 1373 2084 et

198 2100 271 2135 Cn.
299 2099 518 2138 Postumiis,
559 2100 708 2134 Curtiis.

240 2161 277 2197 2)
306 2157 366 2190 Stc
384 2157 417 2190 Ι.
443 2157 482 2189 F.
505 2159 747 2201 Gronovius-3,
776 2157 939 2191 Lallem.
959 2156 1055 2192 Ern.
1072 2155 1251 2204 Refertur
1273 2156 1376 2191 enim

196 2201 252 2238 ad
275 2202 512 2239 Sestertium.
556 2204 900 2252 Vulg.·numerata.
