1431 2481
209 176 280 218 ,μ
558 165 618 201 m
640 165 849 201 VERREM
895 166 1012 203 Ac‘r.
1034 166 1088 205 11.

211 255 260 305 ΗΞ
293 272 440 302 meam
459 258 738 301 voluntatem
752 292 765 316 ,
801 276 1016 317 spemque
1035 259 1236 318 reliquae
1254 261 1390 318 vitae,

209 327 357 361 vestra
385 315 634 373 populique
656 315 850 358 Romani
878 317 1153 359 existimatio
1177 333 1388 376 compro-

209 374 313 429 bet,
349 381 398 414 ut
428 387 536 428 ego,
566 387 676 427 quos
706 372 850 414 adhuc
869 374 981 415 mihi
1001 374 1287 430 magistratus
1307 391 1389 432 po-

209 431 347 487 pulus
371 429 607 470 Romanus
627 427 851 470 mandavi.
871 461 884 485 ,
913 445 987 472 eos
1013 430 1096 471 sic·
1127 432 1304 488 accepi,
1333 440 1385 474 ut

209 502 285 528 me
309 485 512 527 omnium
541 483 797 525 officiorum
825 484 1043 543 obstringi
1071 486 1292 543 religione
1313 503 1384 530 ar-

205 542 417 586 bitrarer.
474 541 542 583 Ita
561 550 770 596 quaesior
789 544 888 582 siun
908 541 1066 598 factus,
1095 551 1146 584 ut
1166 543 1282 586 mihi
1300 543 1383 586 ho-

205 614 369 642 norem
399 597 529 639 illum
557 604 657 638 tum
681 611 774 638 non
802 598 948 639 solum
977 597 1157 654 datum,
1204 600 1281 641 sed
1318 608 1385 643 et-

204 656 299 700 iam
329 654 551 696 creditum
576 668 625 694 ac
662 653 954 695 commissum
980 663 1200 710 putarem.
1222 665 1263 695 ²⁴
1307 657 1382 699 Sic

205 711 384 754 obtinui
412 718 699 766 quaesturam
727 709 775 750 in
806 710 1060 766 provincia,
1095 720 1144 753 ut
1172 714 1381 756 omnium

206 768 364 811 oculos
390 767 438 808 in
466 781 538 807 me
564 780 710 806 unum
754 765 981 807 coniectos
1012 767 1282 823 arbitrarer3
1326 777 1380 812 ut

202 839 279 868 me
312 829 684 879 quaesturamque
722 836 869 862 meam
899 823 1021 878 quasi
1049 823 1096 864 in
1124 824 1272 880 aliquo
1305 842 1379 867 or-

203 881 274 923 bis
300 889 551 922 terrarumz
580 877 759 919 theatro
776 878 943 920 versari
965 879 1296 936 existimarem,
1325 890 1378 924 ut

205 937 360 980 omnia
395 950 597 991 semper,
643 949 754 990 quae
790 934 986 977 iucunda
1022 935 1232 979 videntur
1260 953 1376 994 esse,

203 1008 298 1037 non
337 993 477 1034 modo
515 991 582 1032 his
621 990 991 1033 extraordinariis
1031 992 1376 1050 cupiditatibus,

203 1051 284 1094 sed
312 1049 448 1091 etiam
473 1048 559 1104 ipsi
586 1055 774 1088 naturae
809 1062 859 1088 ac
892 1049 1146 1091 necessitati
1183 1049 1376 1107 denega-

198 1122 314 1151 rem.
371 1106 508 1147 Nunc
538 1118 638 1145 sum
658 1103 912 1160 designatus
926 1105 1103 1159 aedili83
1140 1105 1284 1148 habeo
1303 1122 1375 1148 ra-

200 1166 402 1217 tionem,
469 1160 575 1217 quid
607 1175 629 1200 a
660 1160 828 1216 populo
856 1161 1063 1203 Romano
1096 1163 1373 1219 acceperim3

201 1217 316 1263 mihi
355 1219 482 1260 ludos
515 1217 816 1258 sanctissimos
857 1218 1056 1259 maxima
1089 1230 1193 1259 cum
1222 1233 1372 1261 caere·

201 1276 355 1319 monia
377 1273 557 1328 Cereri,
583 1272 778 1325 Libero,
812 1273 1094 1330 Liberaeque
1117 1273 1370 1332 faciundos,

195 1332 316 1375 ‘mihi
336 1331 516 1373 Floram
545 1338 736 1370 matrem
764 1330 934 1386 populo
964 1329 1173 1386 plebique
1202 1330 1372 1373 Roma-

192 1404 281 1433 nae
309 1387 522 1430 ludorum
549 1385 805 1427 celebritate
829 1386 1119 1442 placandam,
1159 1385 1272 1428 mihi
1301 1387 1370 1429 lu-

197 1445 278 1488 dos
299 1443 654 1499 antiquissimOS,
693 1441 767 1497 qui
788 1442 925 1498 primi
945 1441 1138 1484 Romani
1163 1450 1267 1484 sunt
1285 1458 1371 1485 no-

194 1501 381 1555 minati,
406 1499 606 1540 maxima
625 1512 728 1538 cum
753 1498 969 1554 dignitate
987 1512 1038 1538 ac
1056 1498 1276 1555 religione
1295 1499 1369 1540 Io-

192 1557 262 1613 vi,
290 1556 477 1610 Iunoni,
503 1554 825 1608 Minervaeque
848 1569 939 1595 esse
959 1552 1221 1609 faciundost,
1251 1554 1370 1598 mihi

194 1627 426 1656 sacrarum
453 1611 633 1652 aedium
662 1609 1052 1666 procurationem,
1072 1610 1201 1651 ,mihi
1221 1618 1365 1653 totam

192 1669 355 1712 urbem
383 1667 597 1709 tuendam
635 1680 727 1707 esse
763 1666 1070 1708 commissam:
1119 1666 1177 1707 ob
1206 1681 1365 1710 earum

188 1739 347 1767 rerum
374 1724 577 1765 laborem
607 1731 651 1764 et
676 1722 1025 1763 sollicitudinem
1056 1722 1233 1764 fructus
1259 1723 1364 1765 illos

191 1781 342 1837 datos,
379 1779 682 1836 antiquiorem
699 1778 923 1833 iii-senatu
945 1778 1193 1820 sententiae
1213 1779 1364 1821 dicen-

191 1837 274 1879 dae
302 1838 482 1891 locum,
517 1844 669 1891 togam
735 1842 1010 1891 raetextam,
1048 1835 1205 1877 sellam
1226 1849 1362 1876 curu-

186 1893 304 1950 lem,
340 1894 410 1935 ius
440 1892 650 1948 imaginis
670 1849 731 1934 ag
743 1891 1011 1934 memoriam
1027 1891 1360 1948 posteritatem-3

230 2106 265 2145 1)
289 2103 356 2136 Ita
385 2100 434 2134 de
458 2100 626 2135 Ernestiz·
651 2101 843 2136 sentencia
864 2101 1013 2147 scripsi.
1055 2100 1180 2148 Vulgo
1201 2098 1255 2134 sic
1275 2110 1353 2135 eos.

224 2149 266 2195 2)
302 2149 501 2182 Memmius
531 2147 717 2184 probante
750 2147 935 2181 Lamhino
967 2151 1134 2182 correxit
1166 2159 1244 2180 non
1278 2155 1354 2181 tam

175 2193 326 2232 flatum,
356 2205 462 2241 quam
485 2192 664 2226 creditum
687 2203 724 2228 et
753 2193 1002 2227 commissum.

220 2243 263 2286 3)
287 2240 351 2276 Sic
369 2241 470 2274 ΜΝ.
494 2239 632 2274 Lamb.
657 2248 694 2274 ec
716 2238 847 2285 Gueff.
897 2239 1026 2286 Fulge
1050 2238 1151 2274 orbis
1170 2248 1302 2274 terrae.
