1416 2480
228 169 374 210 LIBER
401 159 653 213 QUARTUS.
699 155 804 195 CAP.
829 159 885 196 58.
913 157 971 197 59.
1126 149 1191 184 ²51

6 282 171 315 terum
192 268 240 310 in
256 262 392 309 Ponti
413 274 490 303 ore
512 264 556 299 et
577 249 813 309 angustiis:
841 245 1044 295 tertium,
1074 234 1197 294 quod

24 324 382 427 S?'1·ucusis,ante
399 317 598 360 Verrem
629 314 889 366 praetorem
917 299 1018 341 fuit.
1075 291 1196 337 Illud

23 385 54 428 F
78 381 301 426 amininus
319 377 380 419 ita
410 388 468 416 ex
488 369 596 412 aede
623 378 703 407 sua
728 359 932 410 sustulit,
969 361 1020 395 ut
1047 353 1096 395 in
1115 348 1201 390 Ca-

26 438 213 499 pitolio,
259 434 347 476 hoc
373 438 463 484 est,
512 427 560 468 in
590 417 789 464 terrestri
823 409 1053 457 domicilio
1082 403 1202 449 Iovis

64 500 234 540 oneret.
291 487 427 545 Quod
447 491 596 526 autem
617 484 682 520 est
701 474 757 516 ad
782 469 1021 514 introitum
1040 460 1202 513 Ponti,

30 554 101 608 id,
140 562 280 607 quum
297 553 392 588 tam
418 539 559 584 multa
585 532 742 577 exillo
770 526 885 570 mari
914 524 1029 566 bella
1059 531 1207 561 emer-

32 608 173 652 serint
192 636 206 660 ,
258 611 351 646 tam
382 598 525 641 multa
563 604 702 650 porro
732 587 780 627 in
806 584 1004 625 Pontum
1031 578 1209 619 invecta

34 666 148 719 sint,
202 672 344 716 usque
375 655 427 698 ad
459 653 573 694 hanc
602 647 722 689 diem
758 643 987 694 integrum
1020 630 1212 675 inviola-

35 729 222 774 tumque
252 721 479 757 servatum
511 714 587 747 est.
674 700 776 742 Hoc
814 693 1028 745 tertium,
1062 685 1210 744 quod,

10 804 13 807 -
37 784 136 819 erat
157 771 417 830 Syracusis,
455 762 576 821 quod
604 759 671 802 M.
698 750 972 802 Marcellus,
1011 749 1214 788 armatus

39 841 83 876 et
103 831 273 881 victor,
311 825 506 866 viderat:
546 815 664 874 quod
688 807 899 865 religioni
917 805 1215 851 concesserat,

41 887 163 947 quod
201 885 317 926 cives
356 888 488 935 atque
526 872 699 916 incolae
730 861 1004 923 Syracusani
1041 856 1215 906 colere,

42 945 239 987 advenae
259 953 355 981 non
381 935 528 977 sulum
548 930 715 981 visere,
748 933 905 964 verum
927 917 1064 958 etiam
1083 925 1219 955 vene-

41 999 133 1043 rari
156 996 386 1046 solebant,
412 991 457 1032 id
478 988 648 1030 Verres
667 995 725 1024 ex
747 975 917 1032 templo
938 972 1056 1015 Iovis
1072 973 1222 1011 sustu·-

44 1057 113 1100 lit.
173 1053 238 1096 Ut
256 1050 432 1106 saepius
454 1045 508 1088 ad
529 1043 595 1085 M.
617 1034 889 1081 Marcellum
910 1035 1126 1078 revertar,
1153 1022 1224 1064 iu-

48 1113 194 1165 dices,
228 1109 290 1150 sic
320 1105 550 1148 habetote:
586 1097 740 1154 plures
768 1103 860 1132 esse
885 1103 908 1128 a
928 1079 1225 1142 Syracusanis

45 1167 174 1211 istius
203 1165 400 1206 adventu
435 1160 565 1211 deos,
621 1165 758 1209 quam
795 1142 985 1185 victoria
1014 1134 1228 1181 Marcelli

48 1222 257 1267 homines
291 1217 580 1260 desideratos.
664 1203 848 1248 Etenim
887 1199 960 1240 ille
990 1193 1228 1250 requisisse

53 1280 221 1322 dicitur
249 1276 385 1318 etiam
407 1265 732 1314 Archimedem
760 1259 915 1310 illum,
953 1264 1131 1295 summo
1159 1248 1230 1290 in-

55 1337 192 1394 genio
219 1331 451 1375 hominem
478 1340 528 1368 ac
567 1319 827 1377 disciplina,
867 1322 1061 1364 eumque
1088 1319 1230 1361 quum

59 1392 257 1435 audisset
281 1384 597 1435 interfectum,
633 1372 906 1434 permoleste
933 1365 1111 1407 tulisse:
1148 1362 1232 1403 iste

60 1448 240 1499 omnia,
277 1458 388 1502 quae
417 1436 675 1495 requisivit,
703 1445 798 1473 non
827 1433 879 1468 ut
910 1426 1131 1476 servaret²
1158 1432 1235 1461 ve-

60 1520 166 1553 rum
184 1511 237 1545 ut
255 1503 535 1560 asportaret,
560 1487 807 1549 requisivit.

179 1616 310 1660 LIX.
345 1614 444 1656 Iam
470 1609 572 1664 illa,
603 1604 708 1662 quia
720 1600 896 1644 leviora
911 1591 1240 1642 videbuntur,²

67 1676 171 1719 ideo
202 1669 487 1730 praeteribo,
527 1662 648 1721 quod
679 1660 762 1702 iste
789 1666 964 1698 mensas
996 1645 1244 1701 Delphicas

71 1747 96 1774 e
125 1743 374 1781 marmore,
441 1730 635 1764 crateras
664 1730 723 1758 ex
758 1725 859 1754 aere
890 1703 1246 1765 pulcherrimas,

71 1788 164 1830 vim
177 1784 425 1827 maximam
439 1789 647 1820 vasorum
659 1765 1023 1814 Corinthiorum,
1035 1772 1094 1800 ex
1104 1756 1252 1800 omni-

72 1844 157 1886 bus
186 1840 368 1882 aedibus
396 1835 533 1878 sacris
564 1825 797 1887 Syracusis
827 1817 1022 1862 abstulit.
1081 1814 1255 1869 Itaque,

76 1899 273 1954 iudices,
312 1895 386 1950 hi,
426 1891 502 1949 qui
528 1885 726 1944 hospites
748 1880 805 1923 ad
825 1892 901 1932 ea,
940 1886 1053 1931 quae
1072 1867 1256 1913 visenda

84 2074 178 2109 lium
208 2074 308 2108 enim
337 2074 376 2103 in
406 2078 477 2115 quo
507 2062 743 2098 Flamininus
774 2054 845 2088 hoc
877 2047 1035 2096 szgnum'
1051 2050 1258 2092 posuerat,

90 2130 169 2154 tum
193 2128 273 2151 erat
299 2113 481 2152 incendio
504 2115 778 2153 consumptum.

136 2172 168 2200 n
194 2164 287 2198 Em.
315 2166 413 2198 coni,
447 2169 642 2192 summum.

135 2215 171 2251 2)
201 2209 326 2244 Verba
359 2207 422 2241 hio
447 2205 565 2249 vulgo
597 2200 752 2235 adiecta
778 2192 807 2228 οἱ
833 2191 909 2226 hoc
934 2187 1024 2222 loco
1057 2183 1268 2222 dicerentur

90 2257 246 2294 sustulit
271 2255 360 2293 Em.
383 2252 621 2288 auctoritate
641 2242 729 2284 cocl-
756 2236 886 2284 Guelf-
