1431 2481
152 146 222 190 3555
476 143 533 181 ΙΝ
561 142 770 178 VERREM
816 143 931 181 ACT.
957 143 1005 183 11,

157 235 356 283 Romani
386 243 430 277 et
448 233 725 291 frequentia:
763 235 839 277 sed
855 270 867 291 ,
902 235 1176 291 ubicumque
1196 234 1346 277 terra&

157 309 263 337 rum
288 301 332 334 et
360 292 563 349 gentium
594 292 810 334 violatum
828 292 899 334 ius
916 292 1082 333 civium
1105 291 1339 334 Romano-

158 365 264 393 rum
294 349 374 406 sit,
411 348 604 390 statuitis
634 347 678 389 id
710 349 939 405 pertinere
966 348 1020 389 ad
1045 363 1339 390 communem·

161 420 339 453 causam
364 403 584 447 libertatis
603 412 645 445 et
668 404 910 460 dignitatis.
968 405 1021 446 In
1041 411 1339 446 externorum

160 463 429 515 hominum,
479 468 526 502 et
551 461 867 503 maleficorum
900 461 1339 516 sceleratorumque,

160 520 210 561 in
236 519 521 576 praedonum
562 516 854 614 hostiumque
892 516 1118 559 custodias
1155 524 1208 559 tu
1240 525 1343 558 tan·

160 584 261 618 tum
294 589 539 616 numerum
570 573 736 616 civium
809 586 1081 615 omanorum
1110 573 1345 615 includere

164 647 299 674 ausus
321 625 402 673 es?
439 645 750 686 numquamne
768 629 851 671 tibi
870 629 1050 686 iudicii,
1088 644 1341 686 numquam

163 688 420 743 concionis,
446 701 695 742 numquam
720 686 851 727 huius
876 693 1026 727 tantae
1045 684 1342 743 frequentiae,

141 760 279 802 ‚quae
302 758 425 786 nunc
455 744 607 785 animo
648 750 689 784 te
717 743 997 798 iniquissimo
1031 741 1345 784 infestissimo-

163 817 250 858 que
289 801 520 855 intuetur,
563 798 688 841 venit
720 799 766 840 in
808 792 1045 840 mentem?
1090 798 1349 855 numquam*

161 857 250 903 tibi:
286 856 444 914 populi
470 854 671 898 Romani
701 855 895 897 absentis
934 854 1154 912 dignitas,
1208 870 1348 897 num-

163 929 299 971 quam
329 912 498 969 species
533 913 630 970 ipsa
666 911 982 954 huiuscemodi-
1016 911 1342 967 multitudinis,

163 971 213 1013 in
243 970 385 1012 oculis
413 967 654 1025 animoque
682 976 856 1011 versata
886 962 987 1010 est?
1025 982 1274 1025 numquam
1295 972 1338 1010 t'e

163 1027 212 1069 in
241 1026 408 1068 horum
436 1033 731 1081 conspectum
766 1025 1045 1080 rediturum,
1089 1039 1340 1081 numquam

160 1083 211 1125 in
229 1084 385 1125 forum
404 1082 565 1139 populi
588 1081 784 1123 Romani
800 1089 1063 1135 venturum,
1088 1096 1346 1138 numquan}

163 1139 247 1181 sub
277 1139 432 1196 legum
454 1146 499 1180 et
527 1139 801 1181 iudiciorum
827 1145 1101 1196 potestatem
1128 1152 1339 1180 casurum

163 1211 257 1238 esse
285 1188 490 1254 putasti?

279 1307 408 1351 LVI.
439 1308 503 1350 At
528 1322 642 1365 quae
663 1315 758 1349 erat
783 1307 868 1350 ista
893 1306 1036 1350 libido
1058 1305 1343 1357 crudelitatis

166 1366 447 1408 exercendae
467 1359 492 1406 ‘?
538 1379 651 1421 quae
681 1373 749 1406 tot
774 1364 997 1408 scelerum
1029 1362 1347 1420 suscipiendo-

165 1437 274 1465 rum
310 1436 443 1464 causa
461 1416 486 1463 ?
541 1421 707 1477 Nulla,
756 1421 950 1476 iudices,
995 1427 1180 1478 praeter
1240 1433 1339 1460 rae-

164 1478 303 1523 dandi
328 1493 496 1520 novam
524 1478 888 1534 singularemque
919 1480 1157 1519 rationem.
1263 1489 1338 1517 am

165 1543 217 1576 ut
240 1534 356 1588 illi,¹
383 1549 494 1596 quos
523 1549 548 1574 a
574 1534 720 1590 poetis
741 1533 1021 1590 accepimus,
1062 1532 1184 1573 sinus
1205 1545 1338 1588 quos·

164 1592 271 1634 dam
296 1590 518 1632 obsedisse
539 1589 817 1645 maritimos,
852 1596 929 1630 aut
949 1589 1098 1644 aliqua
1120 1602 1340 1644 promon-

163 1649 304 1703 toria,
351 1655 429 1689 aut
459 1654 708 1704 praerupta
743 1660 850 1687 saxa
874 1645 1069 1686 tenuisse
1096 1644 1338 1699 dicuntur,

162 1712 216 1747 ut
235 1719 333 1759 eOS,
362 1704 437 1760 qui
457 1711 603 1745 essent
621 1702 798 1759 appulsi
818 1700 1022 1757 navigiiS,
1049 1700 1339 1742 interficere²

163 1769 370 1818 possent:
417 1760 479 1802 sie
508 1759 590 1801 iste
629 1759 678 1800 in
709 1757 861 1800 omnia
887 1756 1033 1798 maria
1059 1755 1249 1798 infestus
1277 1771 1346 1798 ex>

163 1816 373 1859 omnibus
403 1816 581 1858 Siciliae
609 1813 812 1872 partibus
839 1812 1118 1855 imminebat.
1189 1812 1337 1864 Quae-

164 1888 358 1930 cumque
384 1873 510 1915 navis
536 1887 593 1913 ex
621 1871 755 1925 Asia,
795 1886 907 1928 quae
938 1883 997 1910 ex
1024 1869 1184 1926 Syria,
1220 1883 1335 1926 quae

162 1929 293 1986 Tyro
306 1961 318 1981 ‚
356 1943 470 1985 quae
495 1927 778 1970 Alexandria
794 1933 1003 1981 venerat,
1032 1927 1186 1967 statim
1202 1925 1336 1967 certis

205 2129 238 2166 ι)
264 2134 305 2157 uc
326 2125 605 2170 Laestrygones
624 2125 736 2157 Hom.
763 2121 901 2171 Odyss.
923 2132 957 2156 c.
980 2128 1039 2162 8¹·
1060 2133 1142 2169 sqq.
1167 2121 1335 2170 istamque

157 2180 295 2217 postea
322 2174 524 2204 memorati
557 2170 740 2217 Cyclops,
767 2169 919 2214 Scylla,
962 2167 1192 2216 Charybdis.

203 2228 245 2275 2)
270 2227 494 2274 intercipere
524 2226 661 2261 Lamb.
687 2237 708 2260 e
730 2227 963 2262 coniectura.

1427 126 1431 183 ³.

1428 186 1431 258 l
