1416 2480
419 134 661 170 ANONYMI
685 134 874 170 NOTAE.
1159 141 1226 178 333

166 231 263 286 Cap.
284 230 390 271 XVI.
447 229 687 271 brevitate
719 228 982 284 oracionis]
1014 230 1034 250 '‘
1065 245 1219 283 ponere

49 289 139 328 sine
158 289 241 328 illis
260 289 459 327 localibus
490 289 672 342 phaleris
699 290 847 328 melius
868 296 958 327 est.·
998 287 1104 326 Nam
1127 294 1216 326 tau—

51 352 93 384 to
122 346 254 384 maior
281 345 381 384 fides
411 347 644 397 acquiritur
671 347 822 385 nostris
843 345 1214 391 criminationibus,

48 402 213 454 quando
235 402 426 441 videmur
448 402 657 455 tragoedia
675 402 962 455 praetermissa
981 401 1112 440 veluti
1134 415 1212 438 nu-

48 459 101 497 da
120 459 402 511 propositione
422 472 509 496 esse
532 460 729 497 contenti.
788 459 921 496 Velim
949 464 1085 496 tamen
1103 463 1144 494 et
1163 457 1207 494 in

42 513 122 554 hac
140 515 342 553 brevitate
360 516 584 567 perspicias
597 545 606 563 ‚
628 530 712 554 non
731 516 869 554 abesse
885 513 1097 552 Ciceronis
1118 519 1207 550 stu-

45 572 160 610 dium
185 572 247 614 τῆς
264 569 450 615 αόξῆσεως.
508 571 621 609 Idem
639 573 743 624 egit,
784 577 828 609 ut
845 570 1031 622 quamvis
1050 583 1205 620 propo—-

19 634 181 679 ‚neren
219 634 357 667 tamen
384 628 650 666 acerbitatem
681 628 777 666 mali
803 627 1000 665 facinoris
1025 625 1202 663 extolle-

42 691 117 723 ret.
170 681 339 736 Ignem
358 698 505 737 parum
531 692 621 722 erat
646 685 811 731 dixisse,
842 683 1019 721 subiecit
1048 692 1110 719 ex
1139 678 1200 718 lc·-

42 738 152 794 gnis
170 737 426 784 viridibus,
455 741 566 791 quod
592 749 654 780 est
682 739 1008 786 intolerabilius3
1041 736 1202 776 addidit

42 798 167 835 etiam
195 793 422 840 humidis,
453 811 534 848 quo
561 798 732 849 spiritus
757 797 883 848 magis
904 796 1109 847 magisque
1129 807 1205 849 au-

41 853 127 905 geri
156 854 280 901 solet,
310 855 573 905 superposuit
601 855 645 892 in
674 854 764 891 loco
791 858 963 905 angusto
998 850 1071 888 ubi
1100 850 1204 888 den-

40 909 126 948 sior
145 910 283 948 fumus
311 912 467 948 animas
495 910 731 948 haurientes
753 914 928 960 urgeret.
985 907 1083 944 Post
1100 906 1203 944 haec

42 964 192 1004 deinde
217 967 381 1004 intulit:
422 965 632 1004 hominem
657 966 904 1018 ingenuum,
941 964 1051 1002 domi
1079 962 1203 1000 nobi-

40 1021 142 1069 lem,
179 1023 324 1074 populi
351 1022 526 1061 Romani
552 1022 709 1060 socium
739 1029 860 1073 atque
879 1020 1057 1058 amicum
1085 1019 1200 1057 fumo

41 1079 325 1116 excruciatum
354 1079 600 1117 semivivum
627 1078 787 1129 aliquis.
855 1077 1007 1114 Totum
1033 1076 1068 1114 si
1097 1089 1199 1113 con-

39 1134 215 1182 sideres,
243 1134 433 1178 αὕξητικόν
461 1141 533 1172 est.
615 1133 668 1173 Et
698 1133 970 1172 nihilominus
997 1132 1111 1170 visus
1139 1135 1202 1168 est

38 1196 202 1228 tantum
230 1193 515 1243 proposuisse,
561 1203 647 1228 non
680 1197 722 1228 et
747 1202 1030 1241 exaggerasse,
1071 1200 1196 1239 quum

37 1246 248 1285 robustius
270 1262 354 1286 non
370 1247 557 1300 potuerit
573 1260 733 1298 augere.
780 1245 840 1283 Ita
858 1246 894 1283 si
918 1259 1007 1283 rem
1027 1251 1197 1295 spectes„

39 1315 186 1354 magna
214 1305 332 1357 copia
362 1311 447 1355 est3
481 1305 516 1341 si
533 1304 660 1343 verba
681 1316 896 1351 numeres,
922 1314 1082 1340 summa
1101 1301 1197 1338 bre—

38 1359 146 1396 vitas
168 1365 242 1397 est.

150 1470 247 1526 Cap.
262 1471 408 1511 XVIII.
466 1483 616 1526 eaque
642 1471 696 1510 in
728 1469 1001 1510 onerariam
1022 1477 1197 1507 navem

34 1537 173 1565 suam
194 1525 506 1567 coniicienda
528 1526 734 1582 curavit]
764 1529 933 1580 Copiam
955 1526 1197 1578 rapinarum

38 1589 81 1620 et
103 1583 314 1636 signorum
340 1586 651 1624 multitudinem
679 1587 730 1624 de
758 1585 879 1623 modo
908 1583 1027 1622 navis
1055 1592 1195 1618 osten-

37 1638 112 1677 dit.
199 1640 363 1694 Quippe
389 1643 424 1680 si
450 1642 503 1680 ad
530 1642 632 1680 haec
662 1643 793 1694 spolia
822 1641 963 1692 templi
983 1635 1195 1690 prebenda

36 1697 226 1735 oneraria
245 1699 360 1736 navis
379 1698 543 1737 admota
567 1704 650 1747 est,
679 1705 850 1750 apparet
867 1696 1074 1749 quantitas
1095 1704 1196 1729 one—

34 1751 92 1789 ris
121 1752 172 1791 de
189 1755 297 1792 alvei
324 1756 618 1806 magnitudine.
1222 1795 1225 1798 Δ

149 1816 249 1847 tum
278 1808 434 1848 sabico
461 1817 761 1864 tempestates
790 1816 987 1847 coortae
1015 1801 1144 1855 snm]
1174 1817 1197 1841 a

38 1867 382 1917 consequentibus
414 1867 540 1918 signis
573 1872 884 1919 argumentatur
925 1865 978 1901 ad
1004 1864 1194 1900 divinum

38 1921 243 1970 quoddam
271 1924 554 1961 testimonium
582 1930 625 1960 et
652 1922 778 1973 magis
806 1921 1059 1959 invidiosum
1078 1931 1196 1956 soum

36 1975 156 2036 facit,
180 1979 291 2029 quod
312 1993 393 2017 uon
413 1979 605 2017 humanis
625 1979 958 2030 probationibus,
996 1976 1068 2014 sed
1087 1974 1198 2012 indi-

41 2032 113 2068 ciis
143 2035 361 2072 numinum
383 2036 662 2088 deprehensus
690 2035 755 2072 sit.

153 2087 225 2128 ica
245 2090 410 2145 magni
426 2090 613 2143 fluctus
643 2086 979 2141 eiiciebarzcur]
1011 2088 1202 2127 Enniano

38 2144 300 2185 hemistichio
321 2162 418 2186 usus
437 2155 501 2186 cst
519 2162 572 2188 ex
590 2161 636 2186 ea
655 2148 876 2201 tragoedia,
904 2160 1007 2198 quae
1027 2143 1206 2184 Achiuos

45 2202 296 2240 inscribitur.
