1416 2480
309 174 450 210 unm
480 173 711 209 TER‘rms.
756 174 859 209 CAP.
886 175 944 214 ss.
973 174 1034 220 69.
1187 185 1252 220 ιη

72 270 236 328 quibus
264 267 396 311 rebus
424 283 516 310 nou
547 268 712 310 sensim
749 275 879 323 atque
919 267 1152 309 moderate
1190 266 1248 308 ad

74 326 200 369 istius
217 323 460 368 amicitiam
479 324 763 381 adrepserat,
792 325 866 365 sed
891 322 1017 365 brevi
1036 333 1243 380 tempore

70 390 218 424 totum
254 380 485 423 hominem
506 413 518 436 ‚
570 389 796 437 totamque
842 381 936 422 eius
977 387 1241 436 praeturam

69 438 339 496 possederat.
405 436 652 480 Cohortem
680 444 831 478 autem
859 436 1060 492 Metelli,
1102 450 1238 493 quam

70 502 223 550 vocat,
265 493 372 550 quid
399 501 520 548 erat,
559 494 678 550 quod
698 500 1037 549 corrumperet,
1073 507 1131 534 ex
1152 506 1251 548 qual

68 550 116 593 in
155 558 379 593 aratorem
404 555 422 578 ¹
465 557 805 605 recuperatores
836 549 951 591 nulli
981 541 1240 591 dabantur?

68 606 190 649 Nam
210 606 330 662 quod
342 606 520 662 scribit,
559 605 737 648 Metelli
756 604 900 647 filium
914 620 1111 661 puerum
1132 619 1242 659 esse,

68 662 360 705 vehementer
387 671 521 704 errat.
577 663 686 704 Non
705 661 825 704 enim
851 661 905 702 ad
934 676 1090 703 omnes
1142 675 1240 702 rae-

66 725 220 761 torum
240 719 354 760 filios
375 719 512 760 iidem
532 717 678 760 aditus
697 723 814 759 sunt.
856 717 898 760 O
920 676 1236 771 'l'imarciiide!

67 774 248 817 Metelli
274 782 339 816 est
367 775 485 816 filius
516 775 563 816 in
590 773 845 831 provincia,
881 789 976 817 non
994 789 1132 829 puer,
1159 772 1237 814 sed

69 831 327 874 adolescens
356 830 499 872 bonus
529 846 579 872 ac
607 830 803 886 pudens,
838 830 998 886 dignus
1027 829 1106 871 illo
1135 829 1238 871 loco

67 903 119 929 ac
147 887 343 929 nomine.
405 887 567 928 Vester
600 887 676 928 ille
694 900 809 941 puer
827 893 1160 942 praetextatus,
1190 885 1238 927 in

67 943 299 1000 provincia
320 942 703 999 quemadmodum
718 941 891 995 suisset,
908 956 1002 984 non
1024 942 1239 995 dicerem,

70 999 259 1063 sipueri
288 1014 380 1041 esse
411 999 536 1040 illam
564 998 769 1055 culpam,
806 1013 855 1041 ac
872 1013 965 1040 non
985 999 1125 1055 patris
1146 997 1242 1040 exi-

67 1063 313 1098 stimarem.

181 1167 359 1210 XLIX.
416 1168 573 1223 Tune,
619 1182 759 1225 quum
787 1175 830 1210 te
861 1182 910 1210 ac
938 1177 1064 1211 tuam
1098 1169 1237 1212 vitam

67 1239 246 1279 nosses,
279 1224 327 1266 in
348 1224 546 1266 Siciliam
572 1233 722 1266 tecum
740 1225 957 1281 grandem
984 1234 1241 1282 praetexta·-

68 1289 168 1323 tum
199 1280 342 1322 fitium
370 1275 597 1324 ducebas?
634 1289 707 1336 ut,
745 1281 918 1323 etiamsi
945 1290 1106 1324 natura
1124 1297 1236 1339 pue-

66 1352 173 1379 rum
201 1352 227 1378 a
251 1336 448 1393 paternis
476 1338 618 1393 vitiis,
661 1346 791 1395 atque
820 1353 845 1379 a
873 1339 1050 1394 generis
1077 1337 1236 1379 simili-

66 1393 220 1436 tudine
259 1392 520 1449 abduceret,
563 1395 840 1437 consuetudo
870 1402 1022 1437 tamen
1053 1408 1156 1438 eum
1185 1402 1231 1436 et

65 1449 299 1506 disciplina
329 1449 601 1505 degenerare
630 1466 723 1494 non
753 1445 952 1493 sineret?
992 1451 1078 1493 Fac
1107 1451 1229 1494 enim

64 1503 202 1548 fuisse
230 1506 277 1548 in
303 1505 388 1547 isto
418 1514 495 1547 aut
525 1506 574 1548 C.
603 1507 772 1560 Laelii,
829 1515 908 1549 aut
942 1508 1008 1549 M.
1041 1507 1226 1550 Catonis

63 1561 298 1604 materiem
319 1569 449 1618 atque
467 1562 686 1623 indolem3
726 1563 833 1620 quid
850 1579 907 1605 ex
926 1579 978 1605 eo
998 1563 1107 1605 boni
1127 1579 1226 1620 spe-

63 1617 155 1659 rari
181 1625 312 1674 atque
340 1618 458 1660 effici
483 1627 655 1676 potest,
678 1631 682 1637 “
702 1621 778 1676 qui
805 1620 852 1662 in
879 1621 1014 1676 patris
1043 1617 1225 1662 luxurie

62 1672 126 1714 sie
152 1674 343 1727 vixerit,
382 1682 436 1716 ut
452 1675 630 1717 nullum
657 1691 872 1732 umquam
901 1677 1118 1734 pudictun
1147 1692 1224 1718 ne-

64 1743 148 1784 que
177 1729 376 1771 sobrium
405 1731 658 1773 convivium
676 1729 873 1775 viderit?
909 1733 986 1796 qui
1017 1733 1061 1774 in
1083 1732 1227 1788 epulis

62 1785 356 1841 quotidianis,
393 1786 546 1829 adulta
576 1796 742 1843 aetate,
782 1804 861 1844 per
880 1788 1126 1830 triennium
1155 1788 1224 1837 inf

62 1848 133 1887 ter.
156 1842 403 1899 impudicas
426 1843 639 1893 mulieres
660 1852 704 1886 et
729 1844 1080 1901 intemperantes
1104 1845 1224 1886 viros

62 1906 259 1940 versatus
288 1895 379 1939 sit?
423 1899 537 1941 nihil
566 1915 778 1964 umquam
800 1916 824 1942 a
862 1909 988 1957 patre
1018 1898 1225 1955 audierit,

66 1967 153 2008 quo
189 1954 431 2012 pudentior
461 1964 536 1998 aut
569 1957 731 1998 mehor
769 1952 923 1998 esset?
977 1954 1094 1999 nihil
1123 1972 1223 1998 um-

66 2023 202 2064 quam
227 2018 404 2067 patrem
429 2027 560 2070 agere
588 2012 771 2070 viderit,
812 2013 932 2069 quod
959 2028 1098 2070 quum
1124 2012 1225 2054 imi-

113 2159 150 2204 ι.)
179 2158 217 2193 in
247 2170 426 2196 aratorem
445 2170 501 2196 esc
532 2160 572 2195 ia
591 2161 676 2197 cod.
701 2163 826 2198 Nam.
855 2171 891 2196 et
909 2159 1059 2198 duobus
1080 2161 1224 2195 Paris-e.

64 2206 168 2239 uude
205 2205 287 2240 hoa
311 2206 662 2246 reccezadiecaerunc
694 2208 736 2244 C¹
773 2207 901 2255 Sceph.
947 2209 1089 2243 Graev.
1124 2207 1226 2240 Lall.

64 2251 175 2286 Beck.
211 2252 329 2300 vulgo
359 2254 549 2288 omissum.
