1431 2481
211 161 284 193 ⁴²08
559 150 618 185 IN
638 150 846 186 VERREM
891 151 1005 186 AC'r.
1029 150 1080 185 11.

302 248 304 251 ’
337 243 562 287 XXVIII.
590 244 724 287 Nunc
738 242 987 300 reliquum3
1013 243 1204 299 iudicesj
1234 250 1377 287 atten-

205 304 356 357 -dite‚-
389 301 442 342 de
473 315 560 357 quo
583 309 625 341 et
642 315 718 342 vos
747 302 949 356 audistis,
988 309 1030 342 et
1058 300 1255 358 populus
1283 299 1377 343 Ro-

222 372 381 401 manus
409 372 502 398 non
527 371 649 399 nunc
683 359 878 413 primum
910 357 1078 399 audiet:
1118 355 1228 405 et-,in
1253 364 1377 399 exte-

220 415 283 456 ris
308 412 563 455 nationibus
590 427 727 469 usque
755 415 809 455 ad
834 414 1013 455 ultimas
1049 421 1191 455 terras
1217 427 1377 469 perva-

220 479 375 527 gatum
407 477 484 511 est.
559 469 889 511 Candelabrum
918 485 941 512 e
970 469 1157 526 gemmis
1183 468 1377 512 'clarissi-

218 527 329 581 mis,
357 540 491 581 opere
510 525 702 567 mirabili
721 525 993 582 perfectum,
1020 539 1146 582 reges
1164 525 1234 581 hi,
1261 538 1372 581 quos

220 583 340 636 dico,
358 581 551 623 Romam
572 596 710 638 quum
731 581 992 638 attulissent,
1014 589 1063 624 ut
1082 583 1130 623 in
1147 580 1371 638 Capitolio

217 645 455 696 ponerent,
477 640 596 693 quod
613 637 816 679 nondum
835 638 964 679 etiam
976 684 979 685 ⁷
993 636 1240 694 perfectum
1259 644 1374 679 tem-

214 694 344 752 plum
375 694 679 747 offenderant,
722 708 867 750 neque
903 708 1068 749 ponere
1102 701 1372 751 potuerunt,

202 765 362 806 neque
384 750 517 805 vulgo
537 750 769 792 ostendere
798 765 847 791 ac
874 750 1078 807 proferre
1105 750 1371 805 voluerunt3

218 814 270 848 ut
291 813 335 847 et
354 806 709 860 magnificentius
730 806 1143 863 videretur‚‘quum
1160 821 1239 848 suo
1257 814 1370 848 tem-

216 878 329 920 pore
347 862 391 903 in
413 861 523 903 cella
550 862 665 903 Iovis
687 863 864 918 Optimi
887 861 1075 905 Maximi
1101 869 1369 918 poneretur,

217 927 261 960 et
288 918 474 973 clarius,
518 933 655 974 quum
686 918 976 975 pulchritudo
1008 919 1101 960 eius
1127 933 1283 960 recens
1311 920 1369 959 ad

216 975 370 1016 ocuios
391 974 624 1016 hominum
643 983 773 1031 atque
794 976 969 1031 integra
988 973 1254 1032 perveniret.
1273 975 1370 1017 Sta-

211 1038 395 1073 tuerunt
406 1031 451 1071 id
460 1044 609 1072 secum
620 1031 667 1072 in
679 1031 857 1088 Syriam
874 1039 1105 1087 reportare
1117 1043 1127 1073 z
1144 1039 1209 1085 ut,
1227 1044 1366 1086 quum

214 1087 460 1142 audissent,
502 1087 794 1129 simulacrum
819 1087 935 1129 Iovis
965 1087 1140 1144 Optimi
1173 1085 1364 1129 Maximi

215 1143 492 1197 dedicatum,
531 1142 698 1200 legatos
724 1145 980 1198 mitterent,
1017 1144 1093 1200 qui
1121 1157 1224 1184 cum
1249 1150 1365 1184 cete-

212 1199 273 1240 ris
290 1198 420 1241 rebus
442 1200 547 1241 illud
569 1214 743 1257 quoque
762 1200 979 1242 eximium
1007 1208 1135 1256 atque
1153 1198 1366 1255 pulcher-

202 1255 380 1307 rimum
407 1256 575 1297 donum
602 1256 650 1298 in
671 1257 944 1314 Capitolium
971 1255 1192 1297 afferrent.
1257 1254 1363 1296 Per-

212 1312 334 1353 venit
363 1327 434 1354 res
470 1313 522 1354 ad
558 1313 681 1354 istius
718 1327 873 1367 aures,
933 1311 1084 1353 nescio
1121 1312 1363 1368 quomodo.

213 1366 334 1409 Nam
367 1382 450 1409 rex
489 1369 680 1410 celatum
716 1369 938 1422 voluerat3
989 1381 1083 1424 non
1110 1382 1197 1423 quo
1223 1369 1362 1424 -quid-

213 1437 346 1478 quam
374 1433 613 1480 metueret,
661 1433 737 1467 aut
763 1425 1085 1481 suspicaretur,
1123 1425 1199 1466 sed
1224 1433 1276 1467 ut
1302 1442 1359 1469 ne

206 1480 344 1520 *multi
368 1479 480 1522 illud
507 1488 608 1523 ante
635 1481 977 1538 praeciperentt
1017 1479 1180 1537 oculis,
1224 1497 1360 1539 quam

199 1535 403 1591 populus
422 1537 662 1579 Romanus.
719 1538 804 1580 Iste
832 1539 944 1595 petit
973 1551 1139 1594 arege,
1183 1547 1227 1581 et
1253 1555 1359 1588 eum

207 1590 413 1648 pluribus
432 1593 576 1633 verbis
605 1602 754 1650 rogat,
785 1602 835 1636 ut
853 1595 898 1635 id
924 1595 979 1636 ad
1004 1610 1049 1636 se
1076 1597 1246 1644 mittat:
1281 1610 1358 1637 cu-

209 1661 316 1704 pere
336 1663 380 1689 se
400 1649 508 1689 dicit
534 1649 773 1706 inspicere,
810 1666 953 1707 neque
982 1668 1026 1694 se
1057 1650 1150 1695 aliis
1176 1656 1359 1699 videndi

196 1710 471 1759 ⁴potestatem
516 1719 605 1745 esse
639 1705 877 1748 facturum.
960 1709 1234 1768 Antiochus,
1279 1713 1355 1769 qui

207 1759 357 1800 animo
377 1769 420 1802 et
441 1761 599 1817 puerili
629 1770 741 1804 esset
767 1771 810 1804 et
828 1765 975 1821 regio,
1007 1764 1122 1807 nihil
1149 1767 1202 1808 de
1229 1771 1354 1814 istius

205 1814 490 1870 improbitate
517 1818 823 1874 suspicatus‚2
857 1820 1051 1878 imperat
1078 1823 1191 1877 suis,
1214 1833 1278 1868 -ut
1305 1827 1353 1869 id

197 1871 251 1912 iu
279 1874 559 1933 praetorium
595 1875 847 1918 involutum
883 1892 1015 1933 quam
1059 1878 1353 1925 occultissime

205 1926 448 1971 deferrent.
504 1929 606 1986 Quo
625 1938 914 1988 posteaquam
932 1934 1198 1991 attulerunt,
1227 1937 1354 1980 invo-

1192 1991 1353 2037 lucris-

248 2132 286 2176 ι)
314 2134 376 2167 Sic
398 2146 417 2166 e
435 2134 519 2168 cod.
541 2136 618 2169 Hic.
640 2136 729 2183 Reg.
753 2138 898 2174 Parin.
931 2151 1013 2174 eum
1046 2142 1216 2178 Gronov.
1246 2143 1344 2180 Lall.

192 2178 327 2214 'edidit
346 2179 455 2213 Beck.
509 2180 629 2227 Vulgo
651 2180 893 2229 perciperent.

243 2230 279 2267 2)
310 2226 431 2273 Vulgo
454 2225 610 2261 addicar
633 2236 704 2263 est:
726 2229 840 2287 'quod
856 2232 1008 2268 Herelio
1031 2243 1187 2270 auctore
1207 2234 1349 2273 delevi.
