1431 2481
208 145 253 179 92
533 133 591 172 1N
613 135 817 171 VERREM
841 136 952 172 Acr.
978 136 1028 171 Π.
1053 143 1073 147 ’-

208 228 435 283 fugerunt.
513 227 805 284 Agyrinensis
832 244 960 286 eger,
997 241 1188 286 quorum
1213 229 1359 272 homi-

207 280 339 326 num!
376 299 509 340 quam
528 281 840 326 honestorum!
880 301 1012 342 quam
1029 285 1357 343 locupletium¹

208 353 307 382 ch
362 348 557 381 aratores
591 340 748 382 habuit
780 341 928 397 primo
967 357 1083 384 anno
1121 349 1357 398 praeturae

206 404 322 438 tuae.
381 395 502 451 Quid
521 396 657 437 tertio
685 392 836 439 anno?
865 411 1041 451 Lxxx3
1071 397 1358 453 quemadmo-

208 453 319 494 dum‘
341 453 510 508 legatos
539 451 842 508 Agyrinenses
867 455 1054 496 recitare
1083 468 1140 494 ex
1167 452 1358 508 publicis

205 508 350 551 literis
368 507 563 549 audistis.
609 508 697 549 Pro
719 509 780 549 dii
797 508 1092 552 immortales!
1122 509 1158 550 si
1176 523 1236 550 ex
1250 517 1367 566 pro-'

205 565 351 607 vincia
379 571 473 605 tota
500 572 681 606 centum
705 566 982 621 septuaginta
1011 565 1229 619 eiecisses,
1287 579 1358 606 os-

206 635 352 677 sesne,
397 621 558 661 severis
587 620 830 673 iudicibus,
872 622 1015 663 salvus
1046 615 1173 662 esse?
1270 635 1356 663 nus

207 693 311 734 ager
351 675 643 732 Agyrinensis
688 692 710 717 c
727 688 755 716 L
774 691 807 717 x
823 692 874 718 x.
898 677 1145 719 aratoribus
1178 675 1357 718 inanior

206 749 345 790 quum
380 734 458 787 sit,
505 745 581 773 vos
609 733 911 775 coniecturam
936 733 1071 775 totius
1099 731 1360 790 provinciae

205 805 298 832 non
325 782 529 831 facietis?

316 901 415 944 LII.
460 901 609 957 Atque
635 900 723 942 hoc
758 915 978 958 peraeque
1012 901 1061 943 in
1097 900 1221 942 omni
1247 915 1356 956 agro

205 960 451 1001 decumano
469 957 719 1014 reperietis:
749 958 907 1013 quibus
932 957 1098 1013 aliquid
1117 964 1268 998 tamen
1286 950 1369 998 rel

202 1015 313 1070 liqui
331 1014 468 1057 fuerit
485 1028 544 1054 ex
558 1028 722 1068 magno
741 1013 1034 1069 patrimonio,
1073 1028 1148 1055 eos
1168 1013 1215 1054 in
1237 1012 1355 1068 agris

202 1069 377 1113 minore
394 1070 718 1124 instrumento,
753 1069 902 1111 minus
920 1069 1072 1111 multis
1089 1069 1258 1125 iugis,²
1285 1083 1358 1109 re-

202 1127 437 1181 mansisse,
467 1125 586 1181 quod
603 1125 882 1180 metuebant,
909 1126 944 1167 si
963 1124 1267 1178 recessissent,
1295 1138 1353 1165 ne

200 1184 393 1238 reliquas
429 1181 630 1222 fortunas
665 1196 817 1222 omnes
855 1182 1140 1222 amitterent:
1184 1179 1355 1235 vqujbus

202 1246 351 1279 autern
376 1237 458 1279 iste
485 1236 599 1277 nihil
626 1236 809 1292 reliqui,
845 1237 964 1292 quod
990 1235 1255 1292 perderent,
1291 1234 1356 1276 fe·-

203 1301 346 1347 cerat,
384 1306 456 1334 eos
483 1293 617 1349 'plane
643 1308 734 1333 non
761 1292 906 1334 solum
933 1306 991 1332 ex
1019 1292 1160 1346 aoris,
1195 1305 1356 1332 verum

204 1364 262 1391 ex
286 1348 538 1390 civitatibus
566 1349 653 1389 suis
679 1347 942 1403 profugisse.
1024 1325 1099 1388 Illi
1128 1346 1238 1403 ipsi,
1277 1346 1357 1402 qui

201 1411 527 1457 remanserant,
576 1404 652 1444 vix
688 1403 874 1444 decuma
910 1418 1014 1459 pars
1050 1410 1304 1453 aratorum,
1329 1407 1347 1435 ³

200 1460 401 1502 relicturi
429 1474 558 1515 agros
588 1474 740 1508 omnes
766 1467 915 1515 erant,
957 1459 1044 1501 nisi
1072 1459 1127 1501 ad
1157 1471 1230 1501 eos
1255 1458 1355 1500 Me-

200 1517 331 1558 tellus
359 1514 505 1557 Roma
529 1515 679 1556 literas
702 1515 913 1571 misisset,
948 1530 994 1556 se
1021 1515 1229 1556 decumas
1252 1513 1355 1570 lege

199 1571 446 1614 Hieronica
473 1571 784 1625 venditurum3
822 1579 865 1612 et
892 1571 979 1612 nisi
1005 1571 1060 1612 ab
1086 1570 1139 1613 iis
1163 1570 1248 1612 hoc
1276 1585 1354 1626 pe-

199 1628 391 1682 tivisset,
436 1634 487 1668 ut
516 1634 713 1668 sererent
750 1641 882 1682 quani
917 1627 1190 1683 plurimum:
1233 1626 1354 1683 quod

196 1683 265 1725 illi
284 1698 459 1740 semper
478 1697 555 1723 sua
578 1697 705 1723 causa
718 1689 741 1714 4
769 1682 987 1737 fecerant,
1026 1696 1166 1738 quum
1184 1697 1260 1724 eos
1277 1696 1356 1723 ne-

197 1755 274 1781 mo
302 1746 506 1794 rogaret,
541 1738 753 1794 quamdiu
778 1738 1113 1794 intelligebant,
1149 1753 1243 1780 sese
1269 1737 1354 1780 sibi

247 1959 279 1996 ι)
308 1956 367 1990 Sic
395 1956 538 1992 Grae-v.
567 1969 586 1988 e
617 1954 698 1993 cod.
725 1957 855 1990 Ναηη.
908 1955 1030 2001 Vulgo
1062 1952 1304 2002 locupletum.

143 2039 147 2043 .
244 2003 281 2046 2)
303 2001 369 2036 Ita
406 2001 490 2034 cod.
517 2002 646 2034 ZVamz.
680 2001 780 2046 quod
819 2011 916 2034 recte
953 2001 1222 2034 substituerunt
1259 1999 1351 2035 edd.

196 2060 265 2097 pro
298 2060 339 2080 eo
369 2046 471 2094 quod
499 2050 590 2080 olim
609 2047 801 2092 legebatur
819 2045 941 2079 multis
969 2044 1075 2078 locis.

245 2093 288 2138 5)
315 2103 496 2127 aratorum
510 2092 683 2125 Ernestio
701 2094 949 2138 glossatorem
976 2103 1110 2137 sapere
1130 2090 1350 2126 videbatur.

242 2140 285 2186 4)
308 2150 373 2172 sua
399 2148 506 2179 causa
525 2137 615 2172 Em.
639 2139 838 2173 revocavit
859 2148 907 2171 ex
927 2135 1016 2172 edd.
1037 2145 1134 2171 vete.
1179 2137 1353 2184 Plerique

198 2197 254 2219 sui
283 2195 404 2223 causa.
