1431 2481
199 68 265 146 ige
548 112 607 149 IN
629 113 835 154 VERREM
857 122 971 158 ACT.
995 125 1045 160 11.

202 193 372 239 fuisse?
420 199 613 253 ‚Utinam
647 209 832 265 negent!
875 214 991 258 Sunt
1021 219 1155 265 etiam
1186 234 1361 287 cetera,‘

204 268 313 307 quae
340 255 460 297 malo
485 259 661 316 integra
695 280 943 327 reservare,
992 285 1042 316 ut
1068 291 1201 333 quam
1227 285 1361 329 mini-

204 323 330 350 mum
349 311 405 352 sit
430 312 518 353 illis
546 321 760 374 temporis
787 325 840 366 ad
859 328 1167 376 meditandum
1197 341 1360 384 confir-

204 366 509 423 mandumque
544 373 806 426 periurium.
889 383 1015 427 Haec
1049 389 1132 440 tibi
1159 391 1357 441 laudatio

202 422 416 475 procedat
444 424 490 464 in
519 442 774 474 numerum.
830 437 893 480 Hi
912 447 955 482 te
981 441 1186 490 homines
1208 461 1360 496 aucto-

203 475 336 518 ritate
361 493 439 520 sua
466 481 722 541 sublevent3
755 491 830 545 qui
849 500 892 535 te
919 511 1064 554 neque
1093 502 1256 548 debent
1282 509 1360 552 ad-

201 530 383 589 iuvare,
419 537 453 577 si
480 540 676 597 possint,
712 559 856 610 neque
880 564 1089 612 possunt,
1135 560 1171 602 si
1195 562 1360 622 velint;

185 588 363 642 'quibus
401 599 450 639 tu
487 594 697 648 privatim
735 601 921 647 iniurias
958 609 1174 665 plurimas
1202 629 1358 664 contu-

201 643 442 710 meliasque
478 649 756 711 imposuisti3
803 674 890 714 quo
921 663 971 706 in
998 668 1163 732 oppido
1193 676 1358 721 multas

200 697 391 743 familias
417 719 465 744 m
490 716 760 763 perpetuum
786 715 975 761 msames
993 729 1080 766 tuis
1097 729 1259 786 stupris
1278 733 1360 776 fla·-

202 754 408 813 gitiisque
427 759 585 804 fecisti.
620 765 683 807 At.
700 770 880 824 publice
901 781 1206 827 commodasti.
1245 787 1355 833 Non

200 810 295 852 sine
321 828 487 870 magno
520 819 702 913 guidem
740 826 806 868 rei
839 830 1044 885 publicae
1076 841 1358 893 provinciae-

203 880 287 921 que
317 868 493 913 Siciliae
551 877 802 923 etrimento.
861 884 1024 931 Tritici
1049 895 1253 940 modium
1283 913 1358 945 Lx

196 922 340 964 millia
371 936 521 983 empta
546 934 718 988 populo
741 937 948 983 Romano
978 944 1083 990 dare
1113 951 1356 1014 debebant,

202 985 247 1018 et
273 979 496 1037 solebam3
544 986 618 1029 abs
643 997 686 1031 te
713 993 807 1035 solo
837 999 1074 1045 remissum
1101 1015 1179 1050 est.
1263 1011 1361 1056 Res

201 1034 380 1089 publica
408 1038 726 1089 detrimentum
762 1049 890 1108 fecit,
942 1059 1061 1111 quod
1088 1077 1173 1119 per
1198 1073 1242 1108 te
1268 1068 1354 1111 im-

199 1091 316 1145 perii
340 1092 406 1135 ius
435 1110 523 1138 una
551 1099 597 1140 in
634 1102 809 1148 civitate
838 1108 1128 1160 imminutum
1155 1129 1240 1175 est3
1284 1125 1356 1166 Si-

199 1146 313 1202 culi,
343 1151 461 1204 quod
489 1151 575 1195 hoe
595 1172 686 1200 non
717 1161 769 1201 de
785 1179 958 1208 summa
977 1168 1193 1217 frumenti
1211 1178 1358 1223 detra-

201 1210 323 1244 ctum
356 1213 442 1261 est,
488 1210 564 1250 sed
598 1216 860 1260 translatum
890 1222 937 1264 in
966 1224 1284 1287 Centuripinos
1308 1246 1354 1280 et

200 1257 437 1302 Halesinos
448 1294 461 1318 ,
498 1265 717 1312 immunes
731 1276 946 1332 populos3
984 1288 1027 1322 et
1045 1281 1131 1325 hoc
1147 1288 1249 1343 plus
1267 1291 1353 1335 im-

199 1315 420 1371 positum,
455 1334 588 1375 quam
614 1323 731 1368 ferre
758 1342 949 1384 possent.
1007 1337 1184 1385 Navem
1209 1345 1353 1405 impe-

199 1383 300 1410 rare
333 1386 389 1412 ex
415 1373 596 1419 foedere
624 1380 825 1426 debuisti.
876 1388 1104 1436 Remisisti
1137 1398 1185 1441 in
1213 1403 1353 1447 trien-

199 1425 339 1467 nium.
422 1430 617 1476 Militem
648 1439 824 1482 nullum
859 1458 1073 1503 umquam
1105 1460 1353 1513 poposcisti

198 1495 281 1536 per
309 1490 376 1524 tot
398 1500 549 1529 annoS.
630 1491 788 1538 Fecisti
820 1498 952 1557 item,
996 1507 1063 1548 uti
1099 1514 1349 1566 praedones

196 1537 361 1580 solent:
399 1542 473 1597 qui
501 1559 639 1599 quum
657 1563 916 1598 communes
927 1558 1074 1604 hostes
1094 1565 1184 1609 sint
1205 1573 1351 1615 omni-

195 1606 273 1633 um
286 1625 297 1647 ,
327 1603 476 1638 lamen
494 1600 662 1658 aliquos
681 1606 762 1648 sibi
780 1609 1019 1658 instituunt
1035 1621 1225 1681 amicos,
1251 1629 1351 1684 qui-

195 1646 276 1689 bus
302 1665 394 1693 non
420 1655 555 1697 modo
584 1672 791 1720 parcant,
834 1682 990 1713 verum
1019 1675 1153 1720 etiam
1180 1685 1351 1737 praeda

198 1717 306 1758 quos
336 1719 548 1767 augeant,
583 1723 625 1756 et
644 1731 716 1758 eos
734 1723 954 1783 maxime,
993 1731 1069 1785 qui
1083 1732 1250 1780 habent
1268 1755 1349 1797 op-

194 1759 351 1814 pidum
380 1775 635 1822 opportuno
660 1773 784 1831 loco,
819 1794 906 1835 quo
934 1798 1065 1843 saepe
1092 1791 1348 1838 adeundum

195 1815 250 1856 sit
270 1820 455 1863 navibus
459 1854 479 1878 ἢ
516 1839 855 1888 nonnumquam
873 1838 1009 1883 etiam
1028 1849 1288 1892 necessario.

303 1930 365 1973 X.
393 1933 590 1979 Phaselis
619 1939 716 1998 issa,
749 1959 882 1999 quam
906 1954 1024 2009 cepit
1041 1955 1091 1997 P.
1114 1957 1345 2020 Servilius,

191 1998 282 2025 non
308 1986 454 2031 suem
488 1993 593 2035 urbs
628 2006 729 2040 ante
758 2000 954 2049 Cilicum
989 2018 1119 2068 atque
1157 2019 1347 2072 praedo-

188 2053 321 2083 num:
365 2045 499 2102 Lycii
526 2049 672 2109 illam,
720 2056 881 2102 Graeci
907 2062 1137 2126 homines,
1178 2072 1347 2118 incole-

186 2093 306 2137 bant.
364 2101 449 2143 Sed
476 2107 595 2160 qnod
622 2118 717 2152 erat
735 2113 952 2160 eiusmodi
971 2121 1095 2181 loco,
1131 2135 1262 2185 atque
1280 2132 1343 2174 ita

182 2152 383 2205 proiecta
401 2157 447 2200 in
469 2162 624 2220 altum,
645 2174 696 2209 ut
713 2175 757 2210 et
775 2182 987 2220 exeuntes
1007 2179 1201 2226 eCflicia
1217 2200 1347 2243 praet·
