1431 2481
204 134 272 179 ²64
351 138 410 173 IN
426 138 635 175 VERREM
661 142 772 184 ACT.
796 147 842 181 11.
869 147 960 183 LIB.
979 149 1046 184 IV.
1074 151 1180 187 CAP.
1202 153 1262 202 67.

240 244 345 271 uam
363 230 501 274 Verri
531 233 801 279 dederint?1
824 252 1000 297 negare
1022 259 1116 287 non
1142 255 1376 307 poterunt,

205 244 560 331 grumentulnne
573 290 626 331 ab
639 292 706 333 his
717 299 955 353 sumpserit
972 300 1150 358 Verres,
1165 305 1284 360 quod
1299 321 1377 361 po⁰

205 341 316 397 pulo
340 342 548 386 Romano
576 348 798 406 mitteret,
827 353 959 395 sicuti
981 355 1272 413 superiores?-
1298 377 1376 404 ne-

203 396 387 454 gabunt.
436 400 556 454 Quid
586 404 808 462 militum,
835 418 910 451 aut
929 421 1172 456 nautarum
1191 431 1275 472 per
1293 418 1374 460 tri·

202 453 388 496 ennium
420 455 662 501 dederint?
692 463 868 505 nullum
888 467 1043 510 datum
1071 470 1232 514 dicent.
1288 473 1321 515 F
1326 489 1374 516 u-

199 508 285 550 isse
333 510 585 557 Messanam
637 519 842 561 omnium
879 521 1005 566 istius
1051 525 1282 571 furtorum
1318 545 1369 571 ac

196 566 472 662 {raedarum
492 574 813 631 receptricem,
841 592 1004 634 negare
1024 597 1116 624 non
1138 592 1369 640 poterunt.

238 624 432 666 ermulta
445 627 598 669 multis
617 630 801 673 navibus
821 633 944 676 illinc
964 646 1223 696 exportata,
1249 641 1367 684 hanc
1398 678 1401 679 γ

197 690 362 720 navem
401 680 592 737 denique
635 687 883 731 maximam
915 706 938 732 a
971 693 1254 739 Mamertinis
1292 698 1369 740 da-

195 739 315 790 tam,
369 745 577 780 onustam
616 756 719 783 cum
758 745 841 787 isto
878 757 1085 802 praetore
1116 752 1368 807 profectam

190 786 470 834 fatebuntur.
530 795 839 850 Quamobrem
869 802 949 844 tibi
968 803 1083 847 habe
1105 822 1210 850 sa-ne
1232 809 1366 852 istam

190 842 501 899 laudationem
529 851 878 914 Mamertinam,
916 860 1244 917 Syracusanam
1271 868 1367 922 qui-

193 900 295 943 dem
328 903 580 963 civitatem,
612 919 661 951 ut
687 912 762 953 abs
791 921 838 955 te
857 915 1015 959 affecta
1044 927 1134 974 est,
1170 919 1232 962 ita
1252 922 1302 963 in
1319 931 1363 963 te

188 971 284 999 esse
306 961 550 1005 animatam
570 966 939 1027 videmusyapud
962 988 1070 1029 quos
1091 975 1366 1020 etiam-Ver-

188 1028 268 1056 rea
295 1016 374 1058 illa
400 1017 621 1074 flagitiosa
647 1023 823 1080 sublata
848 1036 965 1070 sunt.
1022 1030 1207 1073 Etenim
1229 1034 1364 1075 mini·

184 1083 258 1111 me
291 1075 608 1133 conveniebat,
665 1080 707 1120 ei·
734 1081 923 1125 deorum
955 1085 1151 1128 honores
1182 1088 1362 1146 haberi,

186 1127 264 1182 qui
283 1129 526 1176 simulacra
547 1135 738 1179 deorum
766 1141 1028 1184 sustulisset.
1086 1143 1238 1186 Etiam
1264 1161 1359 1187 me-

183 1180 372 1226 hercule
389 1186 501 1228 illud
533 1191 581 1232 in
602 1192 892 1237 Svracusanis
919 1198 1084 1240 merito
1112 1201 1360 1256 reprehen-

189 1238 389 1297 deretur,
419 1243 470 1298 si,
499 1240 644 1301 quum‘
660 1249 778 1290 diem
798 1251 963 1294 festum
981 1254 1197 1296 ludorum
1216 1257 1270 1297 de
1292 1256 1358 1298 fa-

183 1295 262 1336 stis
281 1298 373 1338 suis
392 1301 675 1345 sustulissent
695 1306 1040 1351 celeberrimum
1066 1318 1110 1351 et
1136 1313 1358 1354 sanctissi-

181 1364 333 1408 mum,
371 1357 490 1411 quod
513 1373 565 1399 eo
597 1361 692 1416 ipso
721 1361 791 1403 die
812 1363 1060 1419 Syracusae
1088 1381 1114 1408 a
1131 1367 1354 1427 Mare-ello

182 1416 338 1464 captae
365 1426 456 1452 esse
477 1413 714 1471 dicuntur,
752 1418 890 1460 iidem
911 1421 1032 1462 diem
1051 1421 1217 1465 festum
1234 1424 1355 1467 Ver-

180 1462 243 1504 ris
269 1468 454 1518 nomine
481 1481 698 1526 agerent:
754 1490 894 1530 quum
924 1477 1006 1518 iste
1034 1478 1352 1536 Syracusanis,

179 1533 292 1575 quae
320 1522 397 1564 ffle
428 1525 711 1570 calamitosus
742 1530 836 1571 dies
864 1532 1121 1589 reliquerit,
1160 1536 1354 1579 ademis-

179 1584 258 1617 set.
314 1579 378 1619 At
398 1579 543 1623 videte
564 1582 761 1627 hominis
781 1587 1107 1643 impudentiam
1127 1598 1260 1646 atque
1280 1608 1351 1634 ar·

175 1635 464 1690 rogantiam,
506 1638 708 1695 iudices,
755 1643 830 1699 qui
867 1659 960 1686 non
997 1646 1145 1687 solum
1173 1647 1350 1691 Verrea

124 1718 136 1729 .
175 1686 475 1748 haeceturpia
512 1709 560 1735 ac
588 1696 779 1739 ridicula
823 1714 880 1740 ex
917 1701 1121 1743 Heraclii
1155 1706 1349 1759 pecunia

174 1745 483 1804 constituerit,
521 1765 677 1794 verum
706 1754 841 1796 etiam
862 1756 1107 1799 Marcellea
1135 1759 1236 1801 tolli
1262 1761 1347 1823 im-

175 1802 367 1858 perarit,
400 1804 452 1846 ht
478 1806 520 1847 ei
539 1818 663 1849 sacra
691 1809 893 1854 facerent
917 1815 1179 1870 quotannis,
1217 1830 1345 1879 cuius

171 1870 308 1911 opera
330 1861 534 1904 omnium
556 1866 924 1911 annorum'sacra
953 1867 1146 1926 deosque
1177 1878 1344 1927 patrios

170 1913 437 1959 amiserant:
476 1918 567 1961 eius
590 1929 739 1963 autem
759 1922 956 1967 familiae
978 1926 1069 1967 dies
1094 1925 1230 1967 festos
1258 1926 1345 1968 tol-

170 1967 334 2026 lerent,
361 1988 444 2029 per
464 1990 599 2031 quam
618 1985 788 2021 ceteros
810 1995 985 2038 quoque
1002 1981 1140 2024 festos
1159 1982 1252 2025 dies
1270 1999 1343 2026 re-

173 2037 458 2082 cuperarant.

220 2154 254 2192 1)
281 2153 344 2189 Sic
362 2155 454 2197 Em.
506 2159 633 2208 Vulgo
655 2159 850 2199 dederunt.

612 2268 894 2289 ἡ
