1416 2480
356 152 500 188 LIBER
528 153 756 189 TERTIUS.
807 154 910 189 CAP.
937 162 992 196 53.
1178 170 1256 192 -ωι

92 253 143 287 ut
170 255 193 286 e
252 245 303 287 iti
332 244 377 288 et
403 242 599 288 fortunis
626 246 714 288 tuis
744 246 1045 304 prospiceres,
1091 250 1259 292 excita-

91 296 192 344 vit?
233 301 448 356 facuistit,
487 303 649 344 sedasti
676 303 810 345 etiam
835 303 934 345 lites
966 303 1176 359 illorum,
1213 314 1257 347 et,

89 357 266 416 sponsio
286 358 362 399 illa
382 373 437 400 ne
458 358 610 414 fieret,
638 358 864 401 laborasti.
911 356 1044 415 Pro,
1080 361 1141 402 dii
1169 363 1254 404 im-

88 410 321 456 mortales!
357 414 443 456 hoc
472 415 687 457 innocens
720 417 856 458 homo
879 416 1056 481 perpeti
1081 419 1253 473 potuis-

87 464 188 512 set?
234 478 312 512 aut
340 471 544 527 quamvis
572 486 764 525 nocens,
805 487 891 528 -qui
917 472 1054 514 modo
1085 473 1249 515 indicia

85 523 256 569 Romae
289 526 386 568 fore
412 533 618 585 putaret,
665 542 757 570 non
784 529 933 583 aliqua
962 528 1248 571 simulatione

84 582 401 625 existimationi
421 597 467 625 se
486 583 721 626 hominum
748 580 1082 626 venditasset?1
1123 584 1246 637 Quid

81 645 148 681 est
165 633 289 681 hoc'?
328 640 508 697 sponsio
529 639 578 680 fii
601 640 654 680 de
683 640 822 697 capite
843 654 892 681 ac
921 639 1116 683 fortunis
1142 642 1242 683 tuis.

72 694 155 736 ‘Tu
185 695 306 738 sedes
335 703 379 736 et
409 696 597 752 quiescis
617 690 642 737 '?
677 711 771 738 non
795 692 1110 760 persequeris?
1150 711 1243 739 non

77 747 373 808 perseveras?
405 767 496 793 non
523 753 765 816 perquiris,
804 753 878 794 cui
901 753 1069 794 dixerit
1087 754 1242 809 Apro-

78 802 220 850 nius?
248 809 346 864 quis
369 802 594 850 audierit?
624 809 744 850 unde
767 809 851 850 hoc
871 814 1053 864 natum,
1085 823 1241 865 quem-

77 864 324 906 admodum
354 865 581 920 prolatum
609 859 700 906 sit?
746 864 795 906 Si
823 864 921 920 quis
957 864 1040 906 tibi
1077 865 1130 906 ad
1163 878 1240 907 au-

74 934 172 962 rem
194 921 468 976 accessisset,
507 927 552 960 et
581 920 789 977 dixisset,
826 920 1090 977 Apronium
1110 921 1240 962 dicti-

73 983 193 1030 tare,
225 983 267 1016 te
290 976 372 1018 sibi
392 991 482 1018 esse
504 977 698 1031 socium3
741 976 1018 1019 commoveri
1033 984 1077 1018 te
1105 989 1240 1033 opor-

72 1032 184 1086 tuit,
233 1046 391 1075 vocare
426 1033 710 1090 Apronium,
750 1047 834 1074 nec
862 1032 991 1074 illum
1023 1040 1127 1074 aute
1154 1032 1236 1074 tibi

73 1089 349 1145 satisfacere,
379 1103 514 1145 quam
535 1095 583 1130 tu
605 1090 811 1131 omnium
825 1089 1149 1130 existimationi
1169 1100 1237 1130 sa-

24 1159 30 1165 *
75 1143 325 1187 tisfecisses.
400 1145 555 1200 Quum
583 1158 686 1186 vero
715 1146 765 1186 in
791 1144 889 1186 foro
919 1144 1234 1200 celeberrimo,

74 1201 512 1258 tanta-frequentia,
550 1200 660 1257 hoc,
697 1201 834 1243 verbo
863 1208 908 1242 et
945 1200 1233 1242 simulatio-ne

72 1257 304 1314 Apronio,
334 1271 381 1299 re
402 1259 504 1299 vera
530 1257 614 1299 tibi
646 1257 874 1299 obiectum
896 1264 1032 1312 esset3
1066 1263 1116 1297 tu
1134 1271 1234 1298 um-

75 1328 210 1370 quam
230 1320 404 1356 tantam
432 1314 611 1369 plagam
639 1314 800 1355 tacitus
833 1313 1032 1370 accipere
1058 1313 1232 1368 potuis-

72 1384 162 1426 seS,
210 1371 296 1412 nisi
320 1369 408 1411 hoc
437 1371 499 1411 ita
527 1369 773 1426 statuisses,
811 1370 862 1410 in
888 1384 936 1411 re
967 1375 1059 1410 tam
1087 1368 1232 1410 maui-

72 1424 183 1468 festa
203 1426 420 1484 quidquid
439 1426 649 1482 dixisses,
692 1433 738 1467 te
760 1426 954 1468 deterius
976 1439 1068 1466 esse
1085 1424 1230 1466 factu-

69 1477 208 1525 rum?
243 1482 536 1539 QuaestoreS,
580 1483 772 1538 legatOS,
817 1480 1067 1538 praefectos
1101 1494 1227 1535 suos,

68 1538 272 1582 tribunos
311 1539 447 1580 multi
481 1540 641 1581 missos
676 1538 904 1593 fecerunt,
951 1545 996 1579 et
1032 1538 1086 1579 de
1124 1551 1228 1593 pro-

69 1595 216 1651 vincia
235 1595 448 1637 decedere
469 1596 716 1650 iusserunt,
757 1594 878 1652 quod
908 1609 1064 1636 eorum
1094 1593 1227 1649 culpa.

69 1665 114 1693 se
143 1653 293 1693 minus
322 1652 558 1694 commode
589 1651 738 1694 audire
766 1648 1113 1704 arbitrarentur,
1150 1657 1225 1690 aut

70 1820 193 1854 euasit.
240 1821 448 1856 Enimvero
481 1822 638 1870 perculit
666 1822 727 1856 hic
756 1820 805 1855 de
825 1826 952 1868 prima
980 1825 1224 1867 impressione

71 1865 233 1906 dicitur,
258 1880 371 1913 quarn
399 1869 471 1901 illa
489 1881 572 1903 vox
592 1874 631 1903 in
654 1869 783 1902 Verris
805 1865 1083 1913 animofaeere
1112 1866 1223 1900 debe-

71 1911 158 1946 bat.-
202 1926 286 1947 eam
313 1913 453 1947 deindo
479 1914 702 1962 perturbatio
736 1923 869 1948 secum
899 1922 1013 1951 esset,
1065 1911 1223 1958 donique

72 1959 263 1994 excitatus
283 1970 378 1994 esset
398 1970 438 1993 ιιι
467 1966 583 2007 capiti
613 1957 833 2004 ecfortzmz‘s
856 1964 1106 2004 prospiceret,
1149 1963 1223 1992 m'si

70 2004 317 2050 intelligeret,
344 2015 385 2039 ue
397 2016 534 2051 postea
554 2005 714 2043 dicitur.
743 2018 783 2038 63
813 2007 852 2039 ἱΠ
884 2017 923 2037 70
952 2015 1042 2039 lam·
1059 2001 1220 2050 manife-

68 2057 131 2082 sta
158 2050 332 2098 quicquid
351 2051 512 2086 dixisset
534 2052 699 2086 dacerius
723 2049 1026 2096 essefacturum,

120 2095 157 2142 ¹)
184 2096 244 2130 Sic
258 2099 427 2144 plerique
445 2099 540 2132 Mss.
571 2109 607 2132 ee
628 2096 717 2131 edd.
735 2106 853 2137 recce;
887 2097 914 2130 i.
936 2109 971 2144 q.
998 2108 1073 2130 ηοη
1089 2097 1222 2143 aliqua

70 2140 314 2176 simulacione
329 2142 538 2178 studuisset
551 2141 725 2189 efficere,
756 2153 797 2176 ut
817 2141 984 2176 homines
1004 2142 1096 2175 bone
1115 2140 1164 2175 de
1181 2154 1223 2175 se

72 2191 348 2223 existimarent.
395 2190 502 2223 Μαίε
523 2189 679 2237 quidam
696 2198 791 2224 vett.
811 2189 903 2223 libri
930 2200 1007 2222 non
1032 2187 1153 2236 aliqua
1181 2187 1220 2219 §e

72 2232 299 2269 simulatione
321 2247 358 2282 p.
381 2235 425 2270 R.
450 2248 469 2269 e
492 2234 723 2271 vindicasset.
