1420 2491
704 524 774 556 IN

488 613 1003 663 CICERONIS

236 725 638 776 ,PROOEMIUM
657 727 959 770 ACTIONIS
986 723 1228 771 PRIMAE

442 826 448 833 “
688 830 706 866 1
750 830 789 866 N

162 921 1389 984 C.VERREM·

203 1052 295 1101 AN
299 1051 521 1101 ONYMI
539 1049 821 1097 VETERIS
837 1050 905 1096 IN
909 1049 1278 1098 TERPRETIS

524 1166 563 1206 N
622 1166 659 1204 Ο
716 1166 751 1204 Τ
809 1163 844 1205 Α
900 1166 955 1206 Ε.

161 1366 326 1447 Cap.1.
386 1387 515 1448 quod
546 1401 649 1431 erac
681 1388 946 1448 optandum
976 1388 1219 1445 maxime]
1246 1391 1323 1431 At-

154 1458 317 1489 tentum
335 1450 437 1488 facit
457 1449 688 1487 auditorem
706 1456 748 1487 et
762 1449 1017 1496 benivolum,
1036 1449 1227 1497 dicendo,
1245 1451 1322 1487 ob-

153 1507 280 1548 latam
291 1520 376 1544 esse
387 1520 486 1555 rem,
498 1519 600 1557 quae
611 1506 741 1557 possit
750 1505 954 1543 invidiam
965 1506 1122 1544 ordinis
1133 1519 1323 1558 purgare.

152 1564 338 1615 Angusto
357 1564 468 1601 enim
487 1576 626 1600 mense
647 1576 768 1600 causa
787 1568 848 1599 est
865 1568 1021 1614 coepta.
1065 1560 1323 1600 Condemnat

152 1618 326 1657 Verrem
344 1625 438 1657 ante
459 1619 773 1661 accusationem,
801 1618 988 1666 dicendo,
1014 1618 1092 1656 hoc
1116 1618 1250 1656 solum
1268 1617 1322 1656 ad

151 1675 368 1713 infamiam
386 1673 639 1713 iudiciorum
661 1671 871 1725 pertinere
891 1674 1133 1722 sedandam,
1163 1675 1198 1713 si
1214 1673 1323 1712 Ver-

151 1744 218 1769 res
240 1739 345 1769 esset
363 1732 593 1769 damnatus.
631 1731 847 1768 Actionem
868 1731 1035 1782 quidam
1055 1731 1150 1769 ideo
1166 1731 1321 1769 dictam

151 1786 260 1825 hanc
279 1788 509 1825 orationem
528 1788 802 1834 arbitrantur,
831 1788 928 1838 quia
944 1787 1046 1825 haec
1063 1793 1320 1826 tantummo-

154 1843 206 1881 do
237 1844 347 1881 dicta
374 1850 435 1881 est
462 1844 507 1880 in
534 1843 705 1881 iudicio.
775 1842 943 1881 Ceterae
981 1857 1082 1881 vero
1111 1843 1320 1881 orationes

153 1907 296 1951 postea
324 1900 501 1951 scriptae
528 1906 637 1937 sunt,
714 1898 777 1936 Ad
808 1900 998 1937 ordinem
1024 1899 1278 1937 senatorium
1309 1901 1322 1925 ¹

151 1957 332 1995 maxime
359 1956 615 2008 pertinebat,
662 1961 710 1992 ut
736 1955 898 1993 idoneis
927 1955 1165 1994 hominibus
1195 1967 1322 1993 accu-

150 2013 338 2051 santibus
360 2019 557 2049 nocentes
576 2011 638 2050 rei
659 2011 841 2049 convicti
868 2011 1177 2050 dam-arentur.

264 2065 503 2106 divinitus
532 2063 841 2119 damnatum]
890 2068 977 2106 sive
1015 2068 1126 2118 quod
1153 2072 1319 2120 gratum

146 2124 220 2172 sit,
269 2124 380 2177 quod
418 2124 590 2162 numina
627 2130 940 2173 concesserunt,
989 2125 1075 2163 sive
1106 2124 1204 2175 quia
1230 2130 1316 2162 tam

190 2226 224 2264 ι)
241 2222 364 2268 Vulgo
375 2227 518 2257 vitiose
529 2235 541 2255 .·
562 2221 693 2258 ordine
702 2231 912 2257 aenatorum
926 2235 935 2264 ;
957 2223 1125 2257 correxit
1140 2222 1314 2258 Gronov.
