<?xml version="1.0" encoding="UTF-8"?>
<!DOCTYPE html PUBLIC "-//W3C//DTD XHTML 1.0 Transitional//EN"
    "http://www.w3.org/TR/xhtml1/DTD/xhtml1-transitional.dtd">
<html xmlns="http://www.w3.org/1999/xhtml" xml:lang="en" lang="en">
 <head>
  <title>
</title>
<meta http-equiv="Content-Type" content="text/html;charset=utf-8" />
  <meta name='ocr-system' content='tesseract 3.04.00' />
  <meta name='ocr-capabilities' content='ocr_page ocr_carea ocr_par ocr_line ocrx_word'/>
</head>
<body>
  <div class='ocr_page' id='page_1' title='image "./operaquaesupersu05ciceuoft/operaquaesupersu05ciceuoft_0241.png"; bbox 0 0 1416 2480; ppageno 0'>
   <div class='ocr_carea' id='block_1_1' title="bbox 310 132 1243 183">
    <p class='ocr_par' dir='ltr' id='par_1_1' title="bbox 310 132 1243 183">
     <span class='ocr_line' id='line_1_1' title="bbox 310 132 1243 183; baseline 0.003 -10"><span class='ocrx_word' id='word_1_1' title='bbox 310 136 454 176; x_wconf 76' lang='lat' dir='ltr'>unm</span> <span class='ocrx_word' id='word_1_2' title='bbox 476 132 755 174; x_wconf 64' lang='lat' dir='ltr'>SECUNDUS.</span> <span class='ocrx_word' id='word_1_3' title='bbox 805 137 910 174; x_wconf 80' lang='lat' dir='ltr'>CAP.</span> <span class='ocrx_word' id='word_1_4' title='bbox 937 143 997 183; x_wconf 73' lang='lat'>54.</span> <span class='ocrx_word' id='word_1_5' title='bbox 1175 146 1243 183; x_wconf 73' lang='lat'>²55</span> 
     </span>
    </p>
   </div>
   <div class='ocr_carea' id='block_1_2' title="bbox 77 230 1256 2079">
    <p class='ocr_par' dir='ltr' id='par_1_2' title="bbox 77 230 1256 1690">
     <span class='ocr_line' id='line_1_2' title="bbox 77 230 1240 288; baseline -0.003 -10"><span class='ocrx_word' id='word_1_6' title='bbox 77 231 447 288; x_wconf 67' lang='lat' dir='ltr'>vobisbreviter,</span> <span class='ocrx_word' id='word_1_7' title='bbox 513 230 594 274; x_wconf 87' lang='lat' dir='ltr'>uid</span> <span class='ocrx_word' id='word_1_8' title='bbox 622 231 816 275; x_wconf 86' lang='lat' dir='ltr'>hominis</span> <span class='ocrx_word' id='word_1_9' title='bbox 843 232 922 274; x_wconf 84' lang='lat' dir='ltr'>sit:</span> <span class='ocrx_word' id='word_1_10' title='bbox 958 239 1009 273; x_wconf 84' lang='lat' dir='ltr'>ut</span> <span class='ocrx_word' id='word_1_11' title='bbox 1036 239 1081 274; x_wconf 87' lang='lat' dir='ltr'>et</span> <span class='ocrx_word' id='word_1_12' title='bbox 1111 233 1240 275; x_wconf 82' lang='lat' dir='ltr'>istius</span> 
     </span>
     <span class='ocr_line' id='line_1_3' title="bbox 79 287 1241 348; baseline -0.002 -15"><span class='ocrx_word' id='word_1_13' title='bbox 79 291 339 348; x_wconf 76' lang='lat' dir='ltr'><strong>nequitiam,</strong></span> <span class='ocrx_word' id='word_1_14' title='bbox 360 289 436 346; x_wconf 87' lang='lat' dir='ltr'>qui</span> <span class='ocrx_word' id='word_1_15' title='bbox 455 288 488 330; x_wconf 89' lang='lat' dir='ltr'>il</span> <span class='ocrx_word' id='word_1_16' title='bbox 509 302 588 329; x_wconf 89' lang='lat' dir='ltr'>um</span> <span class='ocrx_word' id='word_1_17' title='bbox 608 303 759 330; x_wconf 89' lang='lat' dir='ltr'>secum</span> <span class='ocrx_word' id='word_1_18' title='bbox 779 287 1010 342; x_wconf 79' lang='lat' dir='ltr'>habuerit,</span> <span class='ocrx_word' id='word_1_19' title='bbox 1040 303 1092 330; x_wconf 90' lang='lat' dir='ltr'>eo</span> <span class='ocrx_word' id='word_1_20' title='bbox 1111 304 1241 345; x_wconf 89' lang='lat' dir='ltr'>prae-</span> 
     </span>
     <span class='ocr_line' id='line_1_4' title="bbox 78 344 1243 401; baseline -0.003 -11"><span class='ocrx_word' id='word_1_21' title='bbox 78 347 235 390; x_wconf 74' lang='lat' dir='ltr'>sertim</span> <span class='ocrx_word' id='word_1_22' title='bbox 250 360 442 388; x_wconf 85' lang='lat' dir='ltr'>numero</span> <span class='ocrx_word' id='word_1_23' title='bbox 463 360 512 386; x_wconf 87' lang='lat' dir='ltr'>ac</span> <span class='ocrx_word' id='word_1_24' title='bbox 533 344 632 386; x_wconf 92' lang='lat' dir='ltr'>loco</span> <span class='ocrx_word' id='word_1_25' title='bbox 645 376 657 399; x_wconf 91' lang='lat'>,</span> <span class='ocrx_word' id='word_1_26' title='bbox 686 352 730 385; x_wconf 81' lang='lat' dir='ltr'>et</span> <span class='ocrx_word' id='word_1_27' title='bbox 750 344 1048 387; x_wconf 66' lang='lat' dir='ltr'><strong>calamitatem</strong></span> <span class='ocrx_word' id='word_1_28' title='bbox 1061 346 1243 401; x_wconf 85' lang='lat' dir='ltr'>provin-</span> 
     </span>
     <span class='ocr_line' id='line_1_5' title="bbox 78 400 1240 459; baseline -0.001 -15"><span class='ocrx_word' id='word_1_29' title='bbox 78 403 173 446; x_wconf 86' lang='lat' dir='ltr'>ciae</span> <span class='ocrx_word' id='word_1_30' title='bbox 192 402 482 459; x_wconf 80' lang='lat' dir='ltr'>cognoscatis.</span> <span class='ocrx_word' id='word_1_31' title='bbox 538 400 591 442; x_wconf 87' lang='lat' dir='ltr'>In</span> <span class='ocrx_word' id='word_1_32' title='bbox 611 401 856 442; x_wconf 81' lang='lat' dir='ltr'>mulierum</span> <span class='ocrx_word' id='word_1_33' title='bbox 875 402 1140 457; x_wconf 71' lang='lat' dir='ltr'>corruptelis</span> <span class='ocrx_word' id='word_1_34' title='bbox 1153 433 1165 457; x_wconf 92' lang='lat'>,</span> <span class='ocrx_word' id='word_1_35' title='bbox 1195 409 1240 443; x_wconf 85' lang='lat' dir='ltr'>et</span> 
     </span>
     <span class='ocr_line' id='line_1_6' title="bbox 79 457 1242 513; baseline -0.002 -11"><span class='ocrx_word' id='word_1_36' title='bbox 79 459 128 501; x_wconf 88' lang='lat' dir='ltr'>in</span> <span class='ocrx_word' id='word_1_37' title='bbox 154 458 279 502; x_wconf 86' lang='lat' dir='ltr'>omni</span> <span class='ocrx_word' id='word_1_38' title='bbox 308 457 527 501; x_wconf 74' lang='lat' dir='ltr'>eiusmodi</span> <span class='ocrx_word' id='word_1_39' title='bbox 553 457 736 498; x_wconf 80' lang='lat' dir='ltr'>luxuria</span> <span class='ocrx_word' id='word_1_40' title='bbox 755 464 883 513; x_wconf 82' lang='lat' dir='ltr'>atque</span> <span class='ocrx_word' id='word_1_41' title='bbox 903 457 1127 513; x_wconf 74' lang='lat' dir='ltr'>nequitia,</span> <span class='ocrx_word' id='word_1_42' title='bbox 1155 457 1242 500; x_wconf 86' lang='lat' dir='ltr'>mi-</span> 
     </span>
     <span class='ocr_line' id='line_1_7' title="bbox 77 511 1241 569; baseline -0.001 -12"><span class='ocrx_word' id='word_1_43' title='bbox 77 515 274 557; x_wconf 83' lang='lat' dir='ltr'>randum</span> <span class='ocrx_word' id='word_1_44' title='bbox 300 514 349 556; x_wconf 89' lang='lat' dir='ltr'>in</span> <span class='ocrx_word' id='word_1_45' title='bbox 373 514 560 556; x_wconf 87' lang='lat' dir='ltr'>modum</span> <span class='ocrx_word' id='word_1_46' title='bbox 595 511 872 569; x_wconf 81' lang='lat' dir='ltr'>reperiebam</span> <span class='ocrx_word' id='word_1_47' title='bbox 911 512 1033 554; x_wconf 86' lang='lat' dir='ltr'>hunc</span> <span class='ocrx_word' id='word_1_48' title='bbox 1061 513 1241 556; x_wconf 80' lang='lat' dir='ltr'>Timar-</span> 
     </span>
     <span class='ocr_line' id='line_1_8' title="bbox 81 568 1242 626; baseline -0.001 -13"><span class='ocrx_word' id='word_1_49' title='bbox 81 570 258 613; x_wconf 84' lang='lat' dir='ltr'>chidem</span> <span class='ocrx_word' id='word_1_50' title='bbox 289 570 346 612; x_wconf 82' lang='lat' dir='ltr'>ad</span> <span class='ocrx_word' id='word_1_51' title='bbox 371 571 502 612; x_wconf 76' lang='lat' dir='ltr'>istius</span> <span class='ocrx_word' id='word_1_52' title='bbox 530 568 773 624; x_wconf 80' lang='lat' dir='ltr'>flagitiosas</span> <span class='ocrx_word' id='word_1_53' title='bbox 802 568 1013 610; x_wconf 79' lang='lat' dir='ltr'>libidines</span> <span class='ocrx_word' id='word_1_54' title='bbox 1043 569 1242 626; x_wconf 79' lang='lat' dir='ltr'>singula-</span> 
     </span>
     <span class='ocr_line' id='line_1_9' title="bbox 79 625 1240 685; baseline -0.001 -16"><span class='ocrx_word' id='word_1_55' title='bbox 79 641 265 683; x_wconf 81' lang='lat' dir='ltr'><strong>remque</strong></span> <span class='ocrx_word' id='word_1_56' title='bbox 294 626 538 683; x_wconf 80' lang='lat' dir='ltr'>nequitiam</span> <span class='ocrx_word' id='word_1_57' title='bbox 566 633 723 667; x_wconf 82' lang='lat' dir='ltr'>natum</span> <span class='ocrx_word' id='word_1_58' title='bbox 754 632 884 680; x_wconf 84' lang='lat' dir='ltr'>atque</span> <span class='ocrx_word' id='word_1_59' title='bbox 906 633 1062 680; x_wconf 77' lang='lat' dir='ltr'>aptum</span> <span class='ocrx_word' id='word_1_60' title='bbox 1081 625 1240 685; x_wconf 80' lang='lat' dir='ltr'>fuisse3</span> 
     </span>
     <span class='ocr_line' id='line_1_10' title="bbox 77 680 1256 746; baseline -0.002 -21"><span class='ocrx_word' id='word_1_61' title='bbox 77 682 359 746; x_wconf 81' lang='lat' dir='ltr'>investigare,</span> <span class='ocrx_word' id='word_1_62' title='bbox 370 681 507 737; x_wconf 86' lang='lat' dir='ltr'>adire,</span> <span class='ocrx_word' id='word_1_63' title='bbox 519 680 762 743; x_wconf 80' lang='lat' dir='ltr'>appellare,</span> <span class='ocrx_word' id='word_1_64' title='bbox 783 695 1091 737; x_wconf 86' lang='lat' dir='ltr'>corrumpere,</span> <span class='ocrx_word' id='word_1_65' title='bbox 1143 682 1256 724; x_wconf 80' lang='lat' dir='ltr'>uid--</span> 
     </span>
     <span class='ocr_line' id='line_1_11' title="bbox 79 737 1241 796; baseline 0 -15"><span class='ocrx_word' id='word_1_66' title='bbox 79 738 148 781; x_wconf 73' lang='lat' dir='ltr'>vis</span> <span class='ocrx_word' id='word_1_67' title='bbox 167 737 315 780; x_wconf 85' lang='lat' dir='ltr'>facere</span> <span class='ocrx_word' id='word_1_68' title='bbox 342 754 391 781; x_wconf 87' lang='lat' dir='ltr'>m</span> <span class='ocrx_word' id='word_1_69' title='bbox 410 737 632 780; x_wconf 85' lang='lat' dir='ltr'>eiusmodi</span> <span class='ocrx_word' id='word_1_70' title='bbox 653 737 809 792; x_wconf 86' lang='lat' dir='ltr'>rebus,</span> <span class='ocrx_word' id='word_1_71' title='bbox 836 738 1037 793; x_wconf 84' lang='lat' dir='ltr'>quamvis</span> <span class='ocrx_word' id='word_1_72' title='bbox 1065 753 1087 780; x_wconf 91' lang='lat' dir='ltr'>c</span> <span class='ocrx_word' id='word_1_73' title='bbox 1135 738 1241 796; x_wconf 87' lang='lat' dir='ltr'>lide,</span> 
     </span>
     <span class='ocr_line' id='line_1_12' title="bbox 79 793 1242 851; baseline -0.001 -15"><span class='ocrx_word' id='word_1_74' title='bbox 79 795 279 851; x_wconf 77' lang='lat' dir='ltr'>quamvis</span> <span class='ocrx_word' id='word_1_75' title='bbox 290 795 517 849; x_wconf 79' lang='lat' dir='ltr'>audacter,</span> <span class='ocrx_word' id='word_1_76' title='bbox 528 793 726 850; x_wconf 83' lang='lat' dir='ltr'>quamvis</span> <span class='ocrx_word' id='word_1_77' title='bbox 735 793 1035 850; x_wconf 69' lang='lat' dir='ltr'>impudenter,</span> <span class='ocrx_word' id='word_1_78' title='bbox 1047 794 1242 839; x_wconf 84' lang='lat' dir='ltr'>eundem</span> 
     </span>
     <span class='ocr_line' id='line_1_13' title="bbox 78 847 1240 908; baseline 0.002 -16"><span class='ocrx_word' id='word_1_79' title='bbox 78 850 194 893; x_wconf 84' lang='lat' dir='ltr'>mira</span> <span class='ocrx_word' id='word_1_80' title='bbox 204 851 419 908; x_wconf 84' lang='lat' dir='ltr'><strong>quaedam</strong></span> <span class='ocrx_word' id='word_1_81' title='bbox 430 849 701 905; x_wconf 74' lang='lat' dir='ltr'><strong>excogitasse</strong></span> <span class='ocrx_word' id='word_1_82' title='bbox 715 855 904 903; x_wconf 78' lang='lat' dir='ltr'>1genera</span> <span class='ocrx_word' id='word_1_83' title='bbox 914 847 1106 892; x_wconf 83' lang='lat' dir='ltr'>furandi.</span> <span class='ocrx_word' id='word_1_84' title='bbox 1117 849 1240 894; x_wconf 82' lang='lat' dir='ltr'>Nam</span> 
     </span>
     <span class='ocr_line' id='line_1_14' title="bbox 77 905 1241 963; baseline 0 -14"><span class='ocrx_word' id='word_1_85' title='bbox 77 905 228 963; x_wconf 80' lang='lat' dir='ltr'>ipsum</span> <span class='ocrx_word' id='word_1_86' title='bbox 235 906 431 949; x_wconf 83' lang='lat' dir='ltr'>Verrem</span> <span class='ocrx_word' id='word_1_87' title='bbox 441 913 617 947; x_wconf 81' lang='lat' dir='ltr'>tantum</span> <span class='ocrx_word' id='word_1_88' title='bbox 629 905 812 947; x_wconf 85' lang='lat' dir='ltr'>avaritia</span> <span class='ocrx_word' id='word_1_89' title='bbox 825 919 1001 961; x_wconf 86' lang='lat' dir='ltr'>semper</span> <span class='ocrx_word' id='word_1_90' title='bbox 1012 905 1165 947; x_wconf 83' lang='lat' dir='ltr'>hiante</span> <span class='ocrx_word' id='word_1_91' title='bbox 1176 915 1241 950; x_wconf 84' lang='lat' dir='ltr'>at-</span> 
     </span>
     <span class='ocr_line' id='line_1_15' title="bbox 81 961 1242 1018; baseline -0.001 -14"><span class='ocrx_word' id='word_1_92' title='bbox 81 976 169 1018; x_wconf 88' lang='lat' dir='ltr'>que</span> <span class='ocrx_word' id='word_1_93' title='bbox 181 962 434 1004; x_wconf 82' lang='lat' dir='ltr'>imminenti</span> <span class='ocrx_word' id='word_1_94' title='bbox 445 961 578 1002; x_wconf 82' lang='lat' dir='ltr'>fuisse</span> <span class='ocrx_word' id='word_1_95' title='bbox 591 974 602 1012; x_wconf 90' lang='grc'>;</span> <span class='ocrx_word' id='word_1_96' title='bbox 613 961 762 1015; x_wconf 66' lang='lat' dir='ltr'>ingeni</span> <span class='ocrx_word' id='word_1_97' title='bbox 770 975 795 1001; x_wconf 95' lang='lat'><em>0</em></span> <span class='ocrx_word' id='word_1_98' title='bbox 808 968 852 1001; x_wconf 85' lang='lat' dir='ltr'>et</span> <span class='ocrx_word' id='word_1_99' title='bbox 862 961 1130 1016; x_wconf 84' lang='lat' dir='ltr'>cogitatione</span> <span class='ocrx_word' id='word_1_100' title='bbox 1140 961 1242 1004; x_wconf 89' lang='lat' dir='ltr'>nul-</span> 
     </span>
     <span class='ocr_line' id='line_1_16' title="bbox 81 1016 1240 1074; baseline 0 -13"><span class='ocrx_word' id='word_1_101' title='bbox 81 1017 147 1061; x_wconf 84' lang='lat' dir='ltr'>la:</span> <span class='ocrx_word' id='word_1_102' title='bbox 173 1025 239 1074; x_wconf 84' lang='lat' dir='ltr'>ut,</span> <span class='ocrx_word' id='word_1_103' title='bbox 268 1017 483 1074; x_wconf 83' lang='lat' dir='ltr'>quidquid</span> <span class='ocrx_word' id='word_1_104' title='bbox 495 1031 571 1057; x_wconf 87' lang='lat' dir='ltr'>sua</span> <span class='ocrx_word' id='word_1_105' title='bbox 582 1016 955 1073; x_wconf 71' lang='lat' dir='ltr'>sponteiaciebat,</span> <span class='ocrx_word' id='word_1_106' title='bbox 982 1016 1152 1058; x_wconf 88' lang='lat' dir='ltr'>itemut</span> <span class='ocrx_word' id='word_1_107' title='bbox 1164 1033 1240 1061; x_wconf 79' lang='lat' dir='ltr'>vos</span> 
     </span>
     <span class='ocr_line' id='line_1_17' title="bbox 82 1072 1240 1129; baseline 0 -13"><span class='ocrx_word' id='word_1_108' title='bbox 82 1073 254 1116; x_wconf 81' lang='lat' dir='ltr'>Romae</span> <span class='ocrx_word' id='word_1_109' title='bbox 273 1073 567 1129; x_wconf 86' lang='lat' dir='ltr'>cognovistis,</span> <span class='ocrx_word' id='word_1_110' title='bbox 596 1072 770 1129; x_wconf 86' lang='lat' dir='ltr'>eripere</span> <span class='ocrx_word' id='word_1_111' title='bbox 787 1072 962 1129; x_wconf 79' lang='lat' dir='ltr'>potius,</span> <span class='ocrx_word' id='word_1_112' title='bbox 990 1087 1123 1129; x_wconf 85' lang='lat' dir='ltr'>quam</span> <span class='ocrx_word' id='word_1_113' title='bbox 1155 1073 1240 1116; x_wconf 81' lang='lat' dir='ltr'>fal-</span> 
     </span>
     <span class='ocr_line' id='line_1_18' title="bbox 82 1127 1240 1173; baseline -0.001 0"><span class='ocrx_word' id='word_1_114' title='bbox 82 1129 175 1173; x_wconf 86' lang='lat' dir='ltr'>lere</span> <span class='ocrx_word' id='word_1_115' title='bbox 203 1129 443 1172; x_wconf 79' lang='lat' dir='ltr'>videretur.</span> <span class='ocrx_word' id='word_1_116' title='bbox 516 1129 641 1170; x_wconf 89' lang='lat' dir='ltr'>Haec</span> <span class='ocrx_word' id='word_1_117' title='bbox 674 1143 780 1170; x_wconf 79' lang='lat' dir='ltr'>vero</span> <span class='ocrx_word' id='word_1_118' title='bbox 809 1127 942 1169; x_wconf 82' lang='lat' dir='ltr'>huius</span> <span class='ocrx_word' id='word_1_119' title='bbox 969 1135 1064 1170; x_wconf 81' lang='lat' dir='ltr'>erat</span> <span class='ocrx_word' id='word_1_120' title='bbox 1093 1144 1163 1170; x_wconf 87' lang='lat' dir='ltr'>ars</span> <span class='ocrx_word' id='word_1_121' title='bbox 1193 1139 1240 1172; x_wconf 87' lang='lat' dir='ltr'>et</span> 
     </span>
     <span class='ocr_line' id='line_1_19' title="bbox 83 1183 1240 1241; baseline -0.001 -13"><span class='ocrx_word' id='word_1_122' title='bbox 83 1185 253 1228; x_wconf 79' lang='lat' dir='ltr'>malitia</span> <span class='ocrx_word' id='word_1_123' title='bbox 269 1185 497 1240; x_wconf 82' lang='lat' dir='ltr'>miranda,</span> <span class='ocrx_word' id='word_1_124' title='bbox 525 1184 642 1240; x_wconf 87' lang='lat' dir='ltr'>quod</span> <span class='ocrx_word' id='word_1_125' title='bbox 665 1183 912 1226; x_wconf 84' lang='lat' dir='ltr'>acutissime</span> <span class='ocrx_word' id='word_1_126' title='bbox 935 1190 1027 1225; x_wconf 78' lang='lat' dir='ltr'>tota</span> <span class='ocrx_word' id='word_1_127' title='bbox 1056 1186 1240 1241; x_wconf 86' lang='lat' dir='ltr'>provin-</span> 
     </span>
     <span class='ocr_line' id='line_1_20' title="bbox 83 1239 1239 1298; baseline -0.002 -14"><span class='ocrx_word' id='word_1_128' title='bbox 83 1241 174 1296; x_wconf 85' lang='lat' dir='ltr'>cia,</span> <span class='ocrx_word' id='word_1_129' title='bbox 204 1241 310 1298; x_wconf 87' lang='lat' dir='ltr'>quid</span> <span class='ocrx_word' id='word_1_130' title='bbox 337 1242 496 1297; x_wconf 90' lang='lat' dir='ltr'>cuique</span> <span class='ocrx_word' id='word_1_131' title='bbox 525 1239 779 1295; x_wconf 82' lang='lat' dir='ltr'>accidisset,</span> <span class='ocrx_word' id='word_1_132' title='bbox 809 1239 914 1296; x_wconf 83' lang='lat' dir='ltr'>quid</span> <span class='ocrx_word' id='word_1_133' title='bbox 944 1240 1105 1298; x_wconf 82' lang='lat' dir='ltr'>cuique</span> <span class='ocrx_word' id='word_1_134' title='bbox 1125 1251 1239 1282; x_wconf 72' lang='lat' dir='ltr'>esset.</span> 
     </span>
     <span class='ocr_line' id='line_1_21' title="bbox 82 1295 1238 1353; baseline -0.002 -13"><span class='ocrx_word' id='word_1_135' title='bbox 82 1312 284 1352; x_wconf 84' lang='lat' dir='ltr'>necesse,</span> <span class='ocrx_word' id='word_1_136' title='bbox 313 1297 525 1353; x_wconf 85' lang='lat' dir='ltr'>indagare</span> <span class='ocrx_word' id='word_1_137' title='bbox 545 1304 588 1337; x_wconf 91' lang='lat' dir='ltr'>et</span> <span class='ocrx_word' id='word_1_138' title='bbox 608 1296 787 1338; x_wconf 83' lang='lat' dir='ltr'>odorari</span> <span class='ocrx_word' id='word_1_139' title='bbox 813 1295 983 1338; x_wconf 72' lang='lat' dir='ltr'>solebat</span> <span class='ocrx_word' id='word_1_140' title='bbox 994 1299 1016 1338; x_wconf 85' lang='grc'>;“</span> <span class='ocrx_word' id='word_1_141' title='bbox 1033 1297 1238 1339; x_wconf 86' lang='lat' dir='ltr'>omnium</span> 
     </span>
     <span class='ocr_line' id='line_1_22' title="bbox 84 1351 1239 1408; baseline -0.001 -12"><span class='ocrx_word' id='word_1_142' title='bbox 84 1353 358 1396; x_wconf 81' lang='lat' dir='ltr'>adversarios</span> <span class='ocrx_word' id='word_1_143' title='bbox 378 1385 391 1407; x_wconf 89' lang='lat'>,</span> <span class='ocrx_word' id='word_1_144' title='bbox 431 1353 633 1394; x_wconf 90' lang='lat' dir='ltr'>omnium</span> <span class='ocrx_word' id='word_1_145' title='bbox 663 1352 868 1394; x_wconf 85' lang='lat' dir='ltr'>inimicos</span> <span class='ocrx_word' id='word_1_146' title='bbox 898 1351 1136 1408; x_wconf 79' lang='lat' dir='ltr'>diligenter</span> <span class='ocrx_word' id='word_1_147' title='bbox 1164 1367 1239 1395; x_wconf 81' lang='lat' dir='ltr'>co-</span> 
     </span>
     <span class='ocr_line' id='line_1_23' title="bbox 83 1409 1240 1466; baseline -0.002 -14"><span class='ocrx_word' id='word_1_148' title='bbox 83 1424 324 1466; x_wconf 86' lang='lat' dir='ltr'>gnoscere,</span> <span class='ocrx_word' id='word_1_149' title='bbox 351 1409 568 1465; x_wconf 82' lang='lat' dir='ltr'>colloqui,</span> <span class='ocrx_word' id='word_1_150' title='bbox 593 1415 839 1461; x_wconf 71' lang='lat' dir='ltr'>attentare,</span> <span class='ocrx_word' id='word_1_151' title='bbox 867 1417 1124 1465; x_wconf 74' lang='lat' dir='ltr'>exuti-aque</span> <span class='ocrx_word' id='word_1_152' title='bbox 1136 1423 1240 1466; x_wconf 84' lang='lat' dir='ltr'>par-</span> 
     </span>
     <span class='ocr_line' id='line_1_24' title="bbox 82 1463 1241 1522; baseline 0.001 -15"><span class='ocrx_word' id='word_1_153' title='bbox 82 1471 128 1508; x_wconf 81' lang='lat' dir='ltr'>te</span> <span class='ocrx_word' id='word_1_154' title='bbox 148 1480 324 1519; x_wconf 77' lang='lat' dir='ltr'>causaS,</span> <span class='ocrx_word' id='word_1_155' title='bbox 350 1465 600 1507; x_wconf 75' lang='lat' dir='ltr'>voluntates</span> <span class='ocrx_word' id='word_1_156' title='bbox 627 1464 908 1522; x_wconf 83' lang='lat' dir='ltr'>perspicere,</span> <span class='ocrx_word' id='word_1_157' title='bbox 933 1463 1166 1507; x_wconf 83' lang='lat' dir='ltr'>facultates</span> <span class='ocrx_word' id='word_1_158' title='bbox 1195 1474 1241 1508; x_wconf 83' lang='lat' dir='ltr'>et</span> 
     </span>
     <span class='ocr_line' id='line_1_25' title="bbox 85 1520 1241 1579; baseline -0.002 -15"><span class='ocrx_word' id='word_1_159' title='bbox 85 1521 261 1578; x_wconf 67' lang='lat' dir='ltr'>copias,</span> <span class='ocrx_word' id='word_1_160' title='bbox 285 1521 443 1579; x_wconf 88' lang='lat' dir='ltr'>quibus</span> <span class='ocrx_word' id='word_1_161' title='bbox 457 1535 567 1577; x_wconf 89' lang='lat' dir='ltr'>opus</span> <span class='ocrx_word' id='word_1_162' title='bbox 589 1528 724 1575; x_wconf 88' lang='lat' dir='ltr'>esset,</span> <span class='ocrx_word' id='word_1_163' title='bbox 750 1529 922 1562; x_wconf 88' lang='lat' dir='ltr'>metum</span> <span class='ocrx_word' id='word_1_164' title='bbox 932 1520 1116 1573; x_wconf 81' lang='lat' dir='ltr'>afferre3</span> <span class='ocrx_word' id='word_1_165' title='bbox 1143 1522 1241 1578; x_wconf 76' lang='lat' dir='ltr'>qui-</span> 
     </span>
     <span class='ocr_line' id='line_1_26' title="bbox 84 1576 1240 1633; baseline 0 -13"><span class='ocrx_word' id='word_1_166' title='bbox 84 1577 168 1620; x_wconf 89' lang='lat' dir='ltr'>bus</span> <span class='ocrx_word' id='word_1_167' title='bbox 195 1591 253 1619; x_wconf 81' lang='lat' dir='ltr'>ex</span> <span class='ocrx_word' id='word_1_168' title='bbox 287 1577 451 1632; x_wconf 86' lang='lat' dir='ltr'>ediret,</span> <span class='ocrx_word' id='word_1_169' title='bbox 486 1592 612 1633; x_wconf 88' lang='lat' dir='ltr'>spem</span> <span class='ocrx_word' id='word_1_170' title='bbox 638 1576 895 1632; x_wconf 71' lang='lat' dir='ltr'>ostendere,</span> <span class='ocrx_word' id='word_1_171' title='bbox 931 1586 1240 1620; x_wconf 75' lang='lat' dir='ltr'>accusatorum</span> 
     </span>
     <span class='ocr_line' id='line_1_27' title="bbox 86 1631 1239 1690; baseline 0.001 -14"><span class='ocrx_word' id='word_1_172' title='bbox 86 1641 134 1676; x_wconf 86' lang='lat' dir='ltr'>et</span> <span class='ocrx_word' id='word_1_173' title='bbox 160 1648 244 1689; x_wconf 86' lang='lat' dir='ltr'>qua</span> <span class='ocrx_word' id='word_1_174' title='bbox 280 1633 561 1690; x_wconf 84' lang='lat' dir='ltr'>ruplatorum</span> <span class='ocrx_word' id='word_1_175' title='bbox 589 1631 803 1688; x_wconf 88' lang='lat' dir='ltr'>quidquid</span> <span class='ocrx_word' id='word_1_176' title='bbox 831 1641 950 1686; x_wconf 79' lang='lat' dir='ltr'>erat,</span> <span class='ocrx_word' id='word_1_177' title='bbox 973 1631 1168 1675; x_wconf 78' lang='lat' dir='ltr'>‘habebat</span> <span class='ocrx_word' id='word_1_178' title='bbox 1191 1634 1239 1677; x_wconf 82' lang='lat' dir='ltr'>in</span> 
     </span>
    </p>

    <p class='ocr_par' dir='ltr' id='par_1_3' title="bbox 121 1688 1243 1745">
     <span class='ocr_line' id='line_1_28' title="bbox 121 1688 1243 1745; baseline 0 -14"><span class='ocrx_word' id='word_1_179' title='bbox 121 1696 326 1741; x_wconf 76' lang='lat' dir='ltr'>otestate3</span> <span class='ocrx_word' id='word_1_180' title='bbox 394 1689 484 1730; x_wconf 88' lang='lat' dir='ltr'>uod</span> <span class='ocrx_word' id='word_1_181' title='bbox 511 1689 669 1745; x_wconf 83' lang='lat' dir='ltr'>cuique</span> <span class='ocrx_word' id='word_1_182' title='bbox 699 1690 867 1742; x_wconf 79' lang='lat' dir='ltr'>negotii</span> <span class='ocrx_word' id='word_1_183' title='bbox 896 1688 1092 1731; x_wconf 78' lang='lat' dir='ltr'>conflare</span> <span class='ocrx_word' id='word_1_184' title='bbox 1120 1690 1243 1731; x_wconf 84' lang='lat' dir='ltr'>vole-</span> 
     </span>
    </p>

    <p class='ocr_par' dir='ltr' id='par_1_4' title="bbox 87 1743 1246 2079">
     <span class='ocr_line' id='line_1_29' title="bbox 119 1743 1242 1801; baseline 0.001 -15"><span class='ocrx_word' id='word_1_185' title='bbox 119 1753 194 1801; x_wconf 91' lang='lat' dir='ltr'>at,</span> <span class='ocrx_word' id='word_1_186' title='bbox 230 1744 356 1788; x_wconf 88' lang='lat' dir='ltr'>nullo</span> <span class='ocrx_word' id='word_1_187' title='bbox 402 1743 536 1787; x_wconf 83' lang='lat' dir='ltr'>abore</span> <span class='ocrx_word' id='word_1_188' title='bbox 566 1744 788 1792; x_wconf 50' lang='lat' dir='ltr'>faciebam</span> <span class='ocrx_word' id='word_1_189' title='bbox 834 1745 962 1786; x_wconf 77' lang='lat' dir='ltr'>istius</span> <span class='ocrx_word' id='word_1_190' title='bbox 989 1745 1138 1787; x_wconf 84' lang='lat' dir='ltr'>omnia</span> <span class='ocrx_word' id='word_1_191' title='bbox 1168 1745 1242 1787; x_wconf 87' lang='lat' dir='ltr'>de-</span> 
     </span>
     <span class='ocr_line' id='line_1_30' title="bbox 88 1800 1242 1856; baseline 0.001 -14"><span class='ocrx_word' id='word_1_192' title='bbox 88 1809 236 1856; x_wconf 87' lang='lat' dir='ltr'>creta,</span> <span class='ocrx_word' id='word_1_193' title='bbox 266 1801 327 1842; x_wconf 91' lang='lat' dir='ltr'>im</span> <span class='ocrx_word' id='word_1_194' title='bbox 362 1800 476 1855; x_wconf 82' lang='lat' dir='ltr'>erin,</span> <span class='ocrx_word' id='word_1_195' title='bbox 505 1800 656 1842; x_wconf 81' lang='lat' dir='ltr'>literas</span> <span class='ocrx_word' id='word_1_196' title='bbox 684 1801 952 1854; x_wconf 77' lang='lat' dir='ltr'>peritissime</span> <span class='ocrx_word' id='word_1_197' title='bbox 978 1808 1022 1841; x_wconf 86' lang='lat' dir='ltr'>ct</span> <span class='ocrx_word' id='word_1_198' title='bbox 1049 1801 1242 1843; x_wconf 77' lang='lat' dir='ltr'>callidis-</span> 
     </span>
     <span class='ocr_line' id='line_1_31' title="bbox 87 1855 1244 1899; baseline 0.001 -1"><span class='ocrx_word' id='word_1_199' title='bbox 87 1856 199 1898; x_wconf 72' lang='lat' dir='ltr'>sime</span> <span class='ocrx_word' id='word_1_200' title='bbox 225 1871 311 1899; x_wconf 84' lang='lat' dir='ltr'>ven</span> <span class='ocrx_word' id='word_1_201' title='bbox 344 1855 494 1898; x_wconf 81' lang='lat' dir='ltr'>itabat.</span> <span class='ocrx_word' id='word_1_202' title='bbox 551 1857 618 1898; x_wconf 89' lang='lat' dir='ltr'>Ac</span> <span class='ocrx_word' id='word_1_203' title='bbox 650 1869 743 1896; x_wconf 88' lang='lat' dir='ltr'>non</span> <span class='ocrx_word' id='word_1_204' title='bbox 772 1857 918 1897; x_wconf 85' lang='lat' dir='ltr'>solum</span> <span class='ocrx_word' id='word_1_205' title='bbox 938 1863 1034 1897; x_wconf 87' lang='lat' dir='ltr'>erat</span> <span class='ocrx_word' id='word_1_206' title='bbox 1055 1856 1244 1899; x_wconf 76' lang='lat' dir='ltr'>admini-</span> 
     </span>
     <span class='ocr_line' id='line_1_32' title="bbox 90 1912 1245 1970; baseline 0.001 -16"><span class='ocrx_word' id='word_1_207' title='bbox 90 1919 181 1954; x_wconf 80' lang='lat' dir='ltr'>ster</span> <span class='ocrx_word' id='word_1_208' title='bbox 203 1913 330 1955; x_wconf 88' lang='lat' dir='ltr'>istius</span> <span class='ocrx_word' id='word_1_209' title='bbox 359 1912 678 1970; x_wconf 74' lang='lat' dir='ltr'>cupiditatum,</span> <span class='ocrx_word' id='word_1_210' title='bbox 706 1924 862 1953; x_wconf 84' lang='lat' dir='ltr'>verum</span> <span class='ocrx_word' id='word_1_211' title='bbox 890 1912 1024 1953; x_wconf 79' lang='lat' dir='ltr'>etiam</span> <span class='ocrx_word' id='word_1_212' title='bbox 1053 1912 1148 1968; x_wconf 85' lang='lat' dir='ltr'>ipso</span> <span class='ocrx_word' id='word_1_213' title='bbox 1177 1914 1245 1955; x_wconf 90' lang='lat' dir='ltr'>sui</span> 
     </span>
     <span class='ocr_line' id='line_1_33' title="bbox 93 1967 1246 2031; baseline 0.001 -21"><span class='ocrx_word' id='word_1_214' title='bbox 93 1968 361 2023; x_wconf 73' lang='lat' dir='ltr'>meminerat</span> <span class='ocrx_word' id='word_1_215' title='bbox 389 1982 542 2027; x_wconf 82' lang='lat' dir='ltr'>aeque.</span> <span class='ocrx_word' id='word_1_216' title='bbox 608 1967 718 2010; x_wconf 79' lang='lat' dir='ltr'>Non</span> <span class='ocrx_word' id='word_1_217' title='bbox 748 1968 898 2010; x_wconf 86' lang='lat' dir='ltr'>solum</span> <span class='ocrx_word' id='word_1_218' title='bbox 923 1981 1131 2011; x_wconf 84' lang='lat' dir='ltr'>nummos</span> <span class='ocrx_word' id='word_1_219' title='bbox 1150 2001 1166 2031; x_wconf 61' lang='lat'><em>3</em></span> <span class='ocrx_word' id='word_1_220' title='bbox 1211 1971 1246 2014; x_wconf 87' lang='lat' dir='ltr'>si</span> 
     </span>
     <span class='ocr_line' id='line_1_34' title="bbox 93 2058 400 2079; baseline 0 0"><span class='ocrx_word' id='word_1_221' title='bbox 93 2058 400 2079; x_wconf 65' lang='lat' dir='ltr'>b——-</span> 
     </span>
    </p>
   </div>
   <div class='ocr_carea' id='block_1_3' title="bbox 143 2117 1253 2165">
    <p class='ocr_par' dir='ltr' id='par_1_5' title="bbox 143 2117 1253 2165">
     <span class='ocr_line' id='line_1_35' title="bbox 143 2117 1253 2165; baseline 0.001 -14"><span class='ocrx_word' id='word_1_222' title='bbox 143 2119 179 2158; x_wconf 71' lang='grc' dir='ltr'>ι)</span> <span class='ocrx_word' id='word_1_223' title='bbox 201 2117 420 2163; x_wconf 69' lang='lat' dir='ltr'>excogitasse</span> <span class='ocrx_word' id='word_1_224' title='bbox 449 2118 544 2153; x_wconf 84' lang='lat' dir='ltr'>Em.</span> <span class='ocrx_word' id='word_1_225' title='bbox 579 2128 680 2152; x_wconf 81' lang='lat' dir='ltr'>recte</span> <span class='ocrx_word' id='word_1_226' title='bbox 711 2120 904 2165; x_wconf 67' lang='lat' dir='ltr'>rescrips-Ie</span> <span class='ocrx_word' id='word_1_227' title='bbox 922 2130 990 2163; x_wconf 82' lang='lat' dir='ltr'>pro</span> <span class='ocrx_word' id='word_1_228' title='bbox 1011 2118 1115 2164; x_wconf 72' lang='lat' dir='ltr'>vulg.</span> <span class='ocrx_word' id='word_1_229' title='bbox 1145 2130 1253 2152; x_wconf 79' lang='lat' dir='ltr'>exeo·</span> 
     </span>
    </p>
   </div>
   <div class='ocr_carea' id='block_1_4' title="bbox 95 2160 1258 2254">
    <p class='ocr_par' dir='ltr' id='par_1_6' title="bbox 95 2160 1258 2254">
     <span class='ocr_line' id='line_1_36' title="bbox 95 2160 1258 2208; baseline 0.003 -13"><span class='ocrx_word' id='word_1_230' title='bbox 95 2160 225 2208; x_wconf 74' lang='lat' dir='ltr'>gitare.</span> <span class='ocrx_word' id='word_1_231' title='bbox 275 2161 452 2202; x_wconf 78' lang='lat' dir='ltr'>Refertur</span> <span class='ocrx_word' id='word_1_232' title='bbox 476 2169 575 2200; x_wconf 83' lang='lat' dir='ltr'>enim</span> <span class='ocrx_word' id='word_1_233' title='bbox 599 2163 668 2200; x_wconf 82' lang='lat' dir='ltr'>boc</span> <span class='ocrx_word' id='word_1_234' title='bbox 687 2164 844 2201; x_wconf 68' lang='lat' dir='ltr'>verbum</span> <span class='ocrx_word' id='word_1_235' title='bbox 867 2163 921 2198; x_wconf 85' lang='lat' dir='ltr'>ad</span> <span class='ocrx_word' id='word_1_236' title='bbox 949 2163 1180 2199; x_wconf 70' lang='lat' dir='ltr'>antecedens</span> <span class='ocrx_word' id='word_1_237' title='bbox 1201 2177 1258 2199; x_wconf 70' lang='lat' dir='ltr'>re-</span> 
     </span>
     <span class='ocr_line' id='line_1_37' title="bbox 96 2205 494 2254; baseline 0.005 -12"><span class='ocrx_word' id='word_1_238' title='bbox 96 2205 284 2254; x_wconf 66' lang='lat' dir='ltr'>periebam</span> <span class='ocrx_word' id='word_1_239' title='bbox 305 2210 349 2236; x_wconf 52' lang='lat'>*—</span> <span class='ocrx_word' id='word_1_240' title='bbox 369 2209 494 2248; x_wconf 68' lang='lat' dir='ltr'>fnisse.</span> 
     </span>
    </p>
   </div>
  </div>
 </body>
</html>
