1420 2491
186 157 233 197 ι4
621 151 678 187 m
704 152 914 188 VERREM

185 252 259 290 to¹
289 244 479 287 urbibus
507 259 600 288 esse
629 246 894 302 voluerunt,
931 249 1103 305 partim
1121 251 1256 293 etiam
1277 267 1361 294 no-

183 310 386 345 strorum
413 301 766 359 imperatorum,
806 318 919 359 quae
946 304 1138 348 victores
1167 306 1361 351 civitati-

184 359 267 400 bus
288 357 448 399 Siculis
475 367 553 400 aut
574 358 797 400 dederunt
814 367 891 400 aut
911 360 1226 417 reddiderunt,
1253 378 1356 420 spo-

182 414 312 456 liavit
337 414 639 471 nudavitque2
673 415 838 456 omnia.
896 416 1057 473 Neque
1090 416 1177 460 hoc
1206 419 1356 463 solum

183 471 234 514 in
272 470 427 512 statuis
463 470 827 527 ornamentisque
863 472 1057 528 publicis
1093 472 1224 529 fecit,
1273 475 1352 518 sed

182 528 320 569 etiam
353 525 542 568 delubra
578 527 753 582 omnia,
800 528 1086 571 sanctissimis
1122 530 1353 587 religioni-

182 583 266 625 bus
291 590 574 637 consecrata,
611 583 898 638 depeculatus
931 593 1020 633 θεῖς
1065 586 1200 627 deum
1227 588 1354 630 deui-

183 656 268 696 que
298 638 478 680 nullum
507 639 694 694 Siculis,
740 639 813 702 qui
846 639 885 680 ei
913 642 1049 695 paulo
1077 643 1218 697 magis
1243 643 1354 685 alfa-

182 695 263 736 brc
295 703 426 750 atque
461 695 646 751 antiquo
685 695 873 736 artificio
914 696 1060 738 lactus
1095 698 1352 755 videretur,

180 751 377 807 reliquit.
464 750 518 792 In
545 750 712 807 stupris
742 766 848 793 vero
877 760 920 793 et
948 752 1127 808 flagitiis
1155 753 1352 798 nefarias

181 808 276 850 eius
292 806 500 848 libidines
521 822 894 863 commemorare,
915 809 1090 865 pudore
1102 809 1349 868 deterreor,

178 863 316 906 simul
349 862 538 904 illorum
587 864 886 905 calamitatem
944 863 1346 910 commemorando

177 934 341 975 augere
372 918 504 973 nolo,
543 919 703 975 quibus
731 918 895 960 liberos
922 921 1224 979 coniugesque
1244 939 1345 966 suas

172 977 371 1032 integras
410 974 465 1016 ab
501 975 628 1017 istius
663 973 910 1038 petulantia
948 989 1214 1019 conservare
1249 994 1344 1023 non

169 1031 348 1074 licitum
375 1038 453 1072 est.
510 1031 574 1072 At
602 1046 723 1071 enim
754 1030 861 1070 haec
891 1032 953 1072 ita
984 1032 1218 1075 commissa
1238 1043 1345 1078 sunt

171 1087 226 1129 ab
248 1088 357 1142 isto,
393 1095 441 1129 ut
462 1102 555 1128 non
574 1087 752 1143 cognita
783 1086 870 1128 sint
891 1086 945 1128 ab
965 1088 1187 1130 omnibus.
1243 1089 1344 1132 Ho-

168 1144 340 1185 minem
376 1158 467 1184 esse
505 1143 704 1184 arbitror
740 1143 993 1198 nemiuem,
1049 1144 1126 1198 qm·
1169 1160 1339 1189 nomen

165 1200 295 1242 istius
322 1199 537 1253 audierit,
577 1198 685 1255 quin
711 1198 830 1239 facta
851 1214 864 1236 c
880 1213 1026 1254 uoque
1047 1198 1141 1240 eius
1166 1199 1339 1244 nefaria

167 1270 527 1301 comanemorare
547 1254 711 1312 possit3
741 1261 791 1294 ut
809 1255 870 1295 mi
889 1254 1072 1308 iimagis
1084 1255 1336 1300 timendum

167 1312 249 1366 sit,
297 1327 353 1353 ne
381 1311 524 1352 multa
550 1311 740 1353 crimina
766 1310 1151 1367 praetermittere,
1199 1327 1212 1351 ‹
1229 1327 1335 1356 uam

165 1382 222 1410 ne
254 1383 339 1424 qua
370 1369 414 1409 in
451 1367 588 1410 istum
626 1367 798 1422 fingere
837 1367 1084 1407 existimer.
1222 1382 1333 1425 eque

163 1424 286 1466 enim
313 1423 428 1465 mihi
455 1423 635 1465 videtur
668 1422 778 1464 haec
813 1422 1081 1475 multitudo,
1134 1438 1246 1480 quae
1274 1425 1332 1468 ad

160 1479 438 1521 audiendum
468 1480 702 1532 convenit,
740 1493 1009 1534 cognoscere
1039 1494 1098 1521 ex
1125 1495 1198 1521 me
1226 1495 1330 1522 cau-

159 1551 251 1577 sam
283 1536 499 1592 voluisse,
537 1536 614 1578 sed
645 1551 719 1591 ea,
756 1549 867 1590 quae
900 1535 1006 1587 scit,
1051 1550 1232 1578 mecum
1258 1552 1330 1579 re-

158 1607 447 1649 cognoscere.

264 1704 348 1746 Vl.
379 1704 506 1760 Quae
527 1719 667 1760 quum
695 1704 753 1745 ita
771 1704 876 1757 sint,
904 1704 986 1746 iste
1015 1704 1149 1747 homo
1169 1711 1324 1748 amens

149 1775 202 1802 ac
230 1761 432 1817 perditus
462 1761 548 1802 alia
567 1775 748 1801 mecum
776 1761 949 1802 ratione
969 1768 1152 1817 pugnat.
1211 1761 1322 1805 Nou

146 1816 194 1858 id
223 1818 339 1874 agit,
389 1824 443 1858 ut
469 1816 659 1858 alicuius
697 1816 1002 1872 eloquentiam
1029 1816 1144 1859 mihi
1180 1831 1323 1877 oppo-

186 1978 221 2023 1)
246 1978 384 2011 Franc.
411 1989 442 2011 1,
474 1985 705 2010 ornamenta.

182 2039 217 2076 2)
247 2037 323 2068 Ms.
337 2035 423 2069 Pal.
448 2032 799 2080 connudavitque—
816 2032 967 2067 nudavit
986 2043 1088 2067 recte
1105 2039 1163 2068 sit:
1192 2034 1316 2082 expli-

133 2091 244 2116 catur
274 2081 323 2113 ab
353 2081 554 2116 Ernescio.
601 2080 702 2127 quod
737 2081 872 2113 Verres
900 2081 940 2112 in
972 2081 1063 2113 aliis
1094 2080 1204 2114 bases
1243 2093 1314 2115 nu-

130 2127 205 2162 clas
251 2127 464 2174 reliquerit,
511 2127 599 2159 aliis
631 2125 846 2159 detraxerit
890 2138 985 2172 quae
1021 2138 1136 2158 mmm
1174 2136 1307 2173 gesta—

127 2172 234 2216 Ιιάηι,
271 2182 312 2206 uc
333 2181 488 2207 statuae
518 2173 664 2207 Cereris
683 2172 930 2206 simulacrum
963 2172 1161 2215 Victoriae
1191 2173 1308 2207 Verr.

130 2221 204 2254 IV.
231 2228 289 2268 49.
