1431 2481
165 147 209 184 30
486 140 542 176 IN
578 135 785 176 VERREM
835 139 948 175 ΛΒΤ.
981 138 1030 175 11.

173 248 258 292 que
287 232 397 275 adeo
425 233 817 289 procuratoribus:
861 240 1014 276 tamen
1047 232 1183 275 audes
1217 232 1341 276 illius

173 290 329 334 iudicii
347 291 625 333 mentionem
644 289 816 344 facere3
845 290 1111 347 praesertim
1135 303 1274 346 quum
1293 291 1342 333 id

170 363 272 396 ,non
291 348 427 389 modo
449 346 652 388 oratioue
671 360 794 403 mea,
823 346 899 389 sed
918 346 1053 388 etiam
1072 361 1121 388 re
1149 346 1245 403 ipsa
1272 361 1352 389 re-

176 398 401 448 fellatur?
441 416 580 459 quum
617 402 667 444 in
700 403 835 445 tantis
862 402 1162 445 incommodis
1196 411 1344 446 arato-

179 475 308 516 rum,
350 459 614 514 iniuriisque
644 458 1033 515 decumanorum,
1079 458 1257 502 nullum
1285 474 1344 501 ex

179 518 266 559 isto
293 515 526 573 praeclaro
561 515 708 557 edicto
735 529 828 557 non
863 516 998 557 modo
1025 515 1219 570 factum,
1264 516 1345 558 sed

181 589 239 616 ne
276 571 553 630 postulatum
591 571 770 627 quidem
802 571 1019 614 iudicium
1054 567 1344 615 inveniatur?

181 630 282 672 Erit
298 637 449 670 tamen
474 627 522 669 in
550 636 747 670 aratores
780 627 949 683 lenior,
996 643 1129 684 quam
1156 628 1345 672 videtur.

181 685 331 738 Nam,
379 686 455 740 qui
480 683 529 725 in
557 685 826 725 decumanos
854 684 1025 741 octupli
1051 684 1271 727 iudicium
1301 701 1345 728 se

185 742 400 783 daturum
429 740 593 796 edixit,
623 741 742 780 idem
762 740 918 781 habuit
943 740 990 782 in
1017 739 1190 796 edicto,
1228 743 1343 784 sein

184 806 407 840 aratorem
426 797 473 838 iu
491 796 795 852 quadruplum
815 795 1039 838 daturum.
1083 796 1197 853 Quis
1223 797 1345 840 hunc

183 854 320 896 audet
364 852 510 894 dicere
547 851 795 895 aratoribus
838 851 1050 894 infestum
1083 861 1160 895 aut
1198 853 1350 895 inimi-

186 919 314 952 cum¹
341 903 512 951 fuisse?
541 909 722 965 Quanto
742 908 889 950 lenior
914 916 1001 964 est,
1035 924 1170 966 quam
1187 909 1236 952 in
1263 923 1350 966 pu-

183 960 454 1008 blicanum?
491 965 671 1021 Edixit,
708 973 784 1019 ut,
822 964 942 1020 quod
961 965 1232 1008 decumanus
1255 966 1350 1008 edi-

187 1021 323 1064 disset
352 1021 434 1063 sibi
455 1021 552 1063 dari
579 1028 812 1078 oportere,
847 1021 895 1061 id
923 1021 977 1061 ab
1004 1028 1180 1063 aratore
1206 1022 1351 1078 magi-

184 1085 350 1120 stratus
381 1078 558 1119 Siculus
583 1078 798 1134 exigeret.
870 1076 994 1132 Quid
1023 1078 1259 1134 dereliquit
1281 1079 1349 1120 iu-

187 1134 351 1189 dicii,2
382 1133 502 1190 quod
528 1135 577 1176 in
604 1142 827 1175 aratorem
845 1132 949 1174 ‘dari
975 1128 1174 1190 posset?
1197 1134 1348 1189 „Non

183 1189 357 1232 malum
385 1199 473 1246 est,
525 1189 694 1246 inquit,
744 1205 836 1231 esse
868 1189 999 1231 istam
1033 1189 1350 1233 formidinem:

186 1253 258 1302 ut,
301 1261 441 1303 quum
469 1253 678 1287 exactum
707 1246 763 1286 sit
789 1245 843 1286 ab
871 1253 1071 1301 aratore,
1108 1251 1261 1287 tamen
1289 1260 1348 1288 ne

182 1318 229 1343 se
261 1309 568 1357 commoveat,
617 1302 815 1357 reliquus
851 1307 999 1342 metus
1037 1301 1196 1343 iudicii
1234 1302 1348 1343 sit-‘⁶

185 1358 233 1400 Si
260 1359 428 1400 iudicio
449 1373 472 1399 a
499 1373 571 1399 me
595 1357 659 1399 vis
689 1357 893 1413 exigere,
930 1371 1113 1399 remove
1141 1357 1350 1400 Siculum

184 1414 519 1470 magistratum:
558 1415 594 1455 si
615 1413 729 1455 hanc
751 1415 841 1455 vim
870 1413 1078 1468 adhibes,
1106 1413 1213 1469 quid
1235 1428 1355 1470 opus.

183 1478 249 1512 est
282 1466 485 1512 iudicio?
528 1470 638 1522 Quis
674 1483 809 1527 porro
837 1469 942 1524 erit,
992 1470 1067 1525 qui
1097 1483 1190 1511 non
1217 1469 1348 1525 malit

183 1525 444 1568 decumanis
467 1526 555 1566 tuis
575 1526 705 1580 dare,
735 1526 851 1581 quod
870 1521 1182 1582 poposcerint,
1212 1524 1347 1586 quam

182 1581 237 1623 ab
256 1582 431 1623 asseclis
451 1582 537 1624 tuis
555 1581 806 1639 quadruplo
830 1575 1160 1625 condemnari?
1271 1585 1290 1606 .-

295 1693 427 1737 XIV.
463 1695 547 1737 Illa
567 1709 671 1737 vero
691 1695 922 1752 praeclara
951 1702 1016 1737 est
1034 1691 1232 1738 clausula
1255 1693 1351 1752 edii

183 1750 269 1805 cti,
300 1751 421 1806 quod
441 1752 645 1794 omnium
667 1751 1098 1806 controversiarum,
1137 1766 1249 1808 quae
1279 1767 1348 1793 es-

179 1814 278 1847 sent
296 1806 309 1846 i
316 1813 415 1847 nter
432 1816 654 1849 aratorem
674 1815 718 1849 et
740 1808 1038 1848 decumanum
1051 1839 1063 1862 ,
1093 1807 1130 1849 si
1150 1814 1252 1849 uter
1270 1821 1347 1848 vo-

177 1861 257 1916 lit,
296 1862 451 1917 edicit,
498 1880 541 1905 se
572 1871 908 1919 recuperatores
934 1863 1160 1905 daturum.
1245 1862 1347 1904 Pri·-

177 1931 328 1973 mum,
374 1933 485 1975 quae
517 1927 665 1977 potest
700 1933 792 1961 esse
829 1918 1157 1975 controversia,
1200 1933 1344 1975 quum

218 2124 252 2173 1)
280 2125 415 2159 Fab'rn.
445 2137 481 2160 ec
508 2127 632 2165 Ursin,
665 2139 761 2160 corr.
789 2125 993 2173 iniquum.«
1031 2151 1036 2163 ·.
1341 2154 1345 2159 .

211 2175 257 2212 a)
275 2170 360 2203 cod.
383 2171 518 2209 Franc,
543 2172 631 2218 quid
657 2172 806 2225 reliquit
818 2172 975 2207 iudicii..
1022 2172 1070 2207 In
1085 2183 1204 2219 marg,
1225 2171 1338 2205 Lam·

169 2215 243 2249 hin.
277 2215 366 2262 quid
396 2226 451 2252 est
470 2217 602 2264 reliqui
631 2218 772 2253 iudicii.
