1431 2481
162 144 224 175 ιω
270 137 325 172 ΙΝ
344 131 551 171 VERREM
568 132 680 172 ACT.
702 132 750 167 11.
774 132 918 168 LIBER
939 132 1089 168 TERT.
1119 134 1225 170 CAP.
1246 143 1309 182 98·

163 239 370 275 mentum
401 243 486 286 pro
524 235 674 283 empto
713 227 850 283 gratis
878 221 1019 268 dare?
1066 227 1260 270 etiamne
1285 228 1335 271 1⁰11

165 288 328 329 cellam
354 299 494 342 quum
522 297 574 324 cu
610 283 705 324 iant
731 284 868 339 gratis
889 284 994 324 dare
1014 283 1160 339 ultro,
1198 300 1338 341 pecu-

165 343 289 385 niam
317 340 533 398 grandem
562 298 705 381 deire?
744 339 936 381 etiamne
963 339 1076 381 haec
1102 347 1172 383 tot
1201 340 1337 382 detri-

166 406 321 441 menta
339 405 471 452 atque
491 395 652 436 damna
673 409 775 436 cum
793 396 1004 437 maximis
1028 395 1202 438 iniuriis
1232 411 1339 439 con-

167 454 452 509 tumeliisque
485 445 722 506 perferre?
770 451 924 507 Itaque
962 452 1095 506 haec,
1141 452 1336 506 iudices,

171 526 284 568 quae
311 509 406 566 pati
430 507 558 549 nullo
586 506 723 548 modo
751 515 1022 564 potuerunt,
1060 523 1154 550 non
1183 516 1339 566 pertu-

169 568 333 609 lerunt.
399 563 637 605 Arationes
665 570 759 603 tota
789 563 940 604 Sicilia
977 564 1172 606 desertas
1202 572 1336 620 atque

174 637 199 663 a
218 621 410 663 dominis
428 618 606 660 relictas
627 633 718 659 esse
738 619 1028 674 cognosciti33
1045 635 1190 676 neque
1210 620 1340 676 quid-

175 693 310 734 quam
335 675 456 718 aliud
492 675 640 728 agitur
668 674 753 716 hoc
790 674 980 729 iudicio,
1025 675 1112 717 nisi
1143 684 1195 718 ut
1224 675 1340 717 anti-

175 732 376 790 quissimi
396 730 503 772 socii
521 729 879 786 fidelissimique,
907 730 1059 787 Siculi,
1088 731 1235 774 coloni
1258 747 1338 785 po-

173 789 271 847 puli
290 786 485 830 Romani
515 794 645 840 atque
674 794 894 841 ammi-(35,
933 794 1078 828 vestra
1105 788 1340 829 severitate

175 853 221 886 et
242 843 468 901 diligentia
482 874 493 895 ,
527 857 599 882 nie
618 842 729 883 duce
751 850 884 898 atque
905 850 1084 886 auctore
1097 875 1110 900 ‚
1137 843 1187 886 in
1205 858 1337 900 agros

179 911 312 957 atque
339 900 388 947 in
415 898 553 944 aedesl
572 912 671 939 suas
696 905 995 943 revertantur.
1032 921 1034 924 ·
1252 925 1256 928 -
