1416 2480
241 136 300 177 m
332 137 443 174 Ac‘r.
474 138 521 173 11.
548 136 604 172 m
627 136 845 172 vmfflu.
870 137 947 172 Lm
980 139 1010 172 1.
1151 121 1219 193 305

169 231 346 277 deinde
373 233 569 288 reliquis
601 229 796 285 diebus]
832 234 1030 286 Apparet,
1070 237 1212 276 multis

57 295 200 333 diebus
217 296 350 347 prima
369 292 529 332 actione
548 297 783 329 accusatum
804 293 1018 342 productis
1041 293 1210 332 testibus

54 351 237 390 Verrem.

169 417 266 445 non
288 402 414 443 enim
432 401 587 457 spolia
615 399 664 442 C.
694 399 868 455 Verris]
886 409 932 441 ut
953 405 1209 458 quadrupla-

56 471 143 513 tor‚
170 463 242 515 qui
259 462 309 500 de
328 460 588 499 condemnati
618 461 733 498 bonis
754 461 839 511 ipse
853 461 1016 510 ‘aliquid
1035 475 1207 503 sumam.

166 513 249 559 sed
267 513 696 568 est-estimationem]
722 522 767 554 ut
789 518 918 555 bonus
938 517 1040 556 civis
1062 520 1208 558 existi-

57 589 203 616 marer-

165 642 271 671 cum
303 625 480 681 causa]
519 630 585 667 cui
617 630 677 667 rei
714 628 967 668 contrarium
1006 637 1067 668 est
1102 629 1208 672 sine

57 699 218 729 cau-50·

166 743 237 784 rei
250 739 476 799 publicae
506 737 767 794 consulere]
796 742 1122 782 subaudiendum
1145 751 1209 784 est

35 801 107 842 -ad
124 802 264 840 omnia
286 810 439 838 meum
451 794 574 854 fuit.

167 853 442 907 abstulerit]
470 869 546 907 pro
577 861 687 894 certo
711 854 926 903 habuerit,
967 869 1210 908 persuasum

54 914 132 954 sibi
154 912 385 952 crediderit.

167 977 346 1022 quanto
384 967 599 1024 periculo
630 967 823 1008 venturi
851 967 995 1007 simus
1034 965 1100 1009 ad
1130 980 1210 1008 eos

57 1022 265 1076 iudices]
296 1024 393 1063 Vult
412 1026 584 1078 intelligi
600 1056 609 1073 ‚
638 1026 902 1064 metuendum
923 1039 1008 1064 esse
1029 1027 1210 1074 senatui,

54 1096 108 1121 ne
127 1082 280 1133 equites
304 1080 475 1119 Romani
505 1083 707 1128 iudicent,
744 1094 843 1131 quos
872 1095 953 1119 non
973 1082 1106 1119 solum
1125 1095 1202 1134 pro

53 1138 239 1190 integriS,
257 1136 328 1174 scd
347 1138 466 1174 etiarn
490 1151 564 1189 pro
581 1138 758 1175 inimicis
775 1138 1003 1175 nobilitatis
1024 1138 1118 1176 vult
1136 1151 1214 1189 po-

51 1193 175 1248 pulus
196 1192 401 1231 Romanus
433 1194 588 1231 iudices
617 1207 714 1231 esse.

167 1261 198 1288 a
252 1255 357 1287 orca
376 1245 531 1287 sabico
553 1245 850 1299 retraxisset]
882 1248 969 1287 Hoc
993 1250 1214 1288 commini-

52 1307 183 1345 scitur
234 1305 344 1343 icero
357 1335 366 1353 ‚
386 1311 435 1343 ut
453 1305 666 1344 credamus
685 1319 828 1344 veram
843 1305 971 1344 fuisse
990 1307 1215 1347 secundam

53 1363 276 1409 actionem,
308 1375 410 1413 quae
438 1362 665 1400 secundum
693 1376 834 1400 veram
856 1368 1063 1415 gestorum
1089 1362 1214 1403 fidem

53 1431 141 1457 non
162 1417 270 1457 dicta
295 1417 366 1455 sed
386 1419 539 1469 scripta
567 1424 641 1456 est.

168 1485 267 1512 non
284 1473 388 1512 sine
402 1472 798 1527 causa]Co1·1-uptis
816 1473 1022 1513 iudicibus
1042 1474 1218 1513 scilicet.·

167 1540 298 1568 nunc
347 1541 406 1568 ne
460 1541 588 1569 novo
639 1529 968 1584 querimoniae
1015 1526 1216 1584 genere]

52 1583 218 1625 Astatia
247 1583 455 1624 Ciceronis
488 1586 589 1635 suit,
626 1587 780 1624 utendo
809 1587 1003 1635 testibus,
1037 1592 1087 1624 ut
1107 1586 1218 1626 nihil

54 1642 207 1694 reliqui
246 1648 349 1679 esset
378 1640 619 1690 Hortensio,
666 1642 748 1681 nisi
784 1649 830 1680 ut
855 1656 923 1681 eos
960 1644 1219 1694 interrogare

54 1703 204 1750 posse't.
262 1697 436 1736 Dicendi
464 1705 600 1736 autem
625 1697 863 1737 facultatem
891 1699 1050 1737 nullam
1080 1699 1117 1736 ei
1143 1698 1220 1735 de..

54 1753 139 1802 dit,
176 1752 284 1792 nihil
309 1753 396 1806 ipse
415 1753 601 1792 dicendo.
658 1754 821 1792 Etenim
847 1756 1075 1802 metuebat,
1112 1765 1163 1791 ne
1185 1752 1223 1792 si

54 1807 194 1848 locum
221 1810 385 1847 dicendi
414 1810 641 1848 invenisset
669 1810 933 1858 Hortensius,
973 1810 1222 1848 brevitatem

55 1866 253 1917 *temporis
284 1865 406 1917 longa
432 1867 618 1904 oratione
647 1872 929 1912 consumeret3
965 1872 1012 1903 ut
1040 1866 1225 1903 secunda

57 1921 165 1959 actio
210 1921 263 1959 ad
301 1921 401 1958 alios
444 1922 624 1970 iudices,
671 1923 743 1974 qui
791 1922 1002 1974 corrumpi
1038 1928 1222 1973 possent,

59 1973 267 2028 aliumque
286 1983 518 2028 praetorem
539 1984 634 2029 post
643 1978 733 2016 Kal.
755 1978 839 2016 Ian.
857 1977 1110 2029 perveniret,
1122 1991 1226 2014 con-

56 2028 214 2069 salibus
242 2033 396 2070 suturis
425 2047 466 2071 se
499 2041 539 2071 et
568 2033 755 2083 Metello,
808 2034 1042 2072 fautoribus
1071 2032 1228 2070 Verris.

58 2084 168 2123 Haec
187 2086 243 2125 ita
264 2094 380 2135 sunt,
409 2090 752 2140 quemadmodum
772 2090 960 2138 dicimus,
990 2089 1062 2127 sed
1081 2087 1226 2126 Cicero
1248 2136 1252 2140 .

57 2140 116 2177 sic
143 2144 338 2194 proponit
364 2146 572 2195 querelam
602 2145 834 2194 Hortensii,
872 2151 921 2183 ut
947 2152 989 2183 et
1013 2145 1168 2182 iniusta
1187 2149 1230 2181 et

56 2195 235 2235 ridicula
255 2211 339 2237 esse
359 2201 563 2239 videatur.
622 2201 672 2239 Et
699 2208 761 2239 est
786 2201 909 2239 ordo:
947 2214 1063 2240 nuno
1083 2213 1133 2238 ne
1154 2212 1231 2238 nou

110 2259 186 2293 Cle.
215 2260 309 2307 Opp.
342 2263 445 2297 Tom.
474 2263 520 2296 V.
983 2268 1036 2296 20
