1416 2480
485 128 810 170 stJMMAmm
1183 135 1224 171 15

59 248 127 276 sus
154 236 290 284 esset}
321 232 380 274 ibi
408 232 610 272 tantidem
640 232 896 270 frumentum
926 234 1074 272 emere
1097 240 1223 286 potu-

56 307 158 354 isse,
196 303 337 357 quanti
363 301 475 340 domi
506 299 770 338 vendidisset.
805 314 837 338 c.
861 300 925 338 83.
948 301 1011 338 84.
1072 301 1222 340 Imma-

57 386 152 412 nem
179 372 306 425 igitur
324 370 555 409 aratoribus
583 369 778 406 iniuriam
803 370 952 407 saetam
973 382 1080 417 esse,
1111 370 1221 421 quod

58 439 220 489 Verres,
241 452 362 491 quam
383 437 601 491 pecuniam
619 443 833 488 acceperat
851 450 874 474 a
892 443 1037 475 senatu
1057 438 1108 475 ad
1130 440 1223 476 sru-

58 515 244 548 mentum
279 509 322 545 in
351 507 495 545 cellam
525 506 764 552 emendum,
802 505 1044 551 retinuerit,
1084 511 1125 543 et
1152 507 1221 544 in-

59 590 184 630 {uper
202 576 418 630 pecuniam
438 576 487 613 ab
515 575 745 612 aratoribus
774 575 966 626 exegerit.
987 588 1020 612 c·
1041 572 1219 627 85-874

57 643 166 684 Tum
201 644 434 682 ostenditur
468 657 550 681 non
590 656 705 693 posse
734 642 902 680 Verrem
939 641 1018 679 hac
1056 644 1216 683 ratione

58 713 262 760 excusari,
287 711 396 763 quod
417 712 489 750 alii
507 711 615 748 idem
637 710 833 758 secerint3
862 723 895 747 c.
915 710 979 747 88.
1001 725 1132 762 neque
1157 719 1218 751 ta*

57 794 154 820 men
182 781 371 832 exempla
399 779 579 833 proferri
609 791 725 830 posse
744 777 930 829 exempla
957 786 1217 831 praetorum,

56 847 180 899 plena
197 848 407 900 dignitatis
434 854 473 886 et
493 846 748 885 auctoritatis
761 875 770 892 ‚
798 845 869 896 qui
888 845 995 884 hanc
1011 849 1215 888 rationem

55 916 102 953 in
129 917 339 954 frumento
367 917 578 954 aestimato
606 913 827 952 tenuerint.
886 912 1020 951 Unum
1049 915 1101 952 M.
1129 917 1217 954 An-

57 983 164 1020 tonii
199 984 354 1021 sactum
384 983 491 1022 nihil
522 983 574 1021 ad
611 995 704 1019 eum
742 981 1022 1019 excusandum
1050 982 1214 1034 vaiere,

57 1064 185 1102 quum
224 1051 261 1089 ei
289 1052 426 1103 potius
466 1050 743 1103 perniciosum
771 1049 824 1085 sit
855 1049 989 1087 dicere
1017 1055 1066 1088 'se
1098 1051 1141 1089 in
1168 1065 1214 1090 re
1241 1043 1243 1046 Α

55 1118 362 1170 improbissima
405 1119 585 1157 voluisse
629 1118 741 1155 hunc
775 1117 1001 1154 Antonium
1045 1118 1214 1158 imitari.

56 1183 320 1223 Sacerdotem
347 1192 483 1224 autem
501 1191 537 1222 et
563 1184 655 1222 Sex.
677 1183 932 1222 Peducaeum
953 1184 1060 1223 nihil
1079 1187 1214 1225 simile

53 1252 214 1290 secisse.
251 1266 284 1291 c.
311 1254 363 1306 89
382 1274 422 1281 —
442 1252 506 1305 93.
584 1252 772 1302 Denique
805 1250 948 1289 Cicero
976 1254 1213 1303 contendit,

56 1320 91 1357 si
120 1319 281 1365 vcrimen
304 1320 384 1358 hoc
422 1320 473 1358 ad
503 1320 640 1372 plures
669 1319 895 1371 pertineat,
951 1319 993 1357 id
1021 1321 1211 1359 ubicum-

56 1400 136 1436 que
163 1388 318 1430 faetum
344 1390 417 1436 sit,
455 1389 643 1442 improbe
672 1388 849 1434 sactum,
895 1393 934 1425 et
963 1387 1211 1440 quicumque

54 1457 214 1504 iecerit,
242 1469 335 1494 eum
355 1457 558 1509 supplicio
583 1456 751 1507 dignum
773 1468 869 1492 esse.
890 1469 922 1492 c.
944 1458 1008 1508 94.
1028 1457 1092 1508 95.
1143 1457 1211 1495 Si-

55 1522 144 1560 mul
169 1523 628 1572 refutatfl'ortensium,
678 1523 748 1573 qui
775 1522 931 1559 etiamsi
966 1523 1101 1573 palam
1131 1523 1211 1562 hoc

54 1602 140 1628 non
169 1589 298 1639 dicat,
335 1598 472 1630 tamen
500 1592 556 1629 ita
585 1591 714 1631 dicat.
752 1595 799 1628 ut
826 1589 981 1628 iudices
1009 1591 1211 1641 suspicari

53 1663 95 1694 et
121 1658 505 1712 cogitare-possint,
544 1659 652 1697 hauc
678 1658 882 1696 rationem
913 1657 1209 1696 aestimationis

50 1726 255 1763 frumenti
283 1726 334 1763 ad
362 1726 621 1773 commodum
657 1731 913 1772 senatorum,
952 1732 992 1762 et
1020 1725 1071 1763 ad
1092 1727 1210 1763 utiti-

50 1797 177 1830 tatem
199 1806 364 1842 eorum,
394 1796 462 1844 qui
486 1794 690 1842 iudicent,
716 1794 786 1843 qui
809 1793 848 1830 in
868 1792 1094 1844 provinciis
1115 1807 1209 1832 cum

52 1865 254 1909 potestate
280 1867 351 1898 aut
378 1875 469 1898 cum
498 1862 700 1913 legatione
726 1874 767 1898 se
795 1862 956 1899 futuros
985 1860 1209 1910 aliquando

53 1936 138 1963 esse
148 1927 413 1977 arbitrentur,
436 1929 657 1980 pertinere.
680 1943 712 1966 e.
732 1928 796 1980 96.
825 1927 887 1965 Ex
905 1941 985 1978 quo
1006 1929 1112 1966 nihil
1131 1928 1210 1966 ati-

52 1991 108 2028 ud
128 1996 320 2046 consequi
342 1997 534 2044 ostendit,
565 2011 686 2048 quam
705 2002 751 2034 ut
771 1996 925 2034 iudicia
944 2010 967 2033 a
986 1996 1141 2035 Senatu
1158 1996 1210 2034 ad

51 2058 177 2098 alium
198 2061 386 2101 ordinem
415 2065 731 2103 transferantur.
762 2078 793 2102 c.
814 2078 877 2117 97.

160 2129 206 2168 In
238 2137 421 2170 extrema
450 2133 636 2170 oratione
659 2132 802 2170 Cicero
829 2133 984 2171 iudices
1005 2132 1213 2177 admonet,

46 2202 91 2233 ut
112 2198 273 2248 cognita
298 2199 379 2237 iam
400 2206 485 2238 tota
503 2213 548 2238 re
577 2200 850 2238 frumentaria
868 2200 946 2238 sibi
975 2206 1087 2239 certo
1113 2213 1210 2251 per—
