1420 2491
195 165 242 207 68
520 161 578 200 ΙΝ
600 163 828 199 VERREM·
851 163 967 200 ACT.
997 164 1046 200 11.

198 255 537 314 magnitudine,
575 257 766 300 crimina
781 257 1050 314 ponderare.
1107 256 1227 301 Mihi
1249 258 1372 302 enim

198 312 541 372 properandum
567 314 818 356 necessario
846 321 936 370 est,
975 321 1026 356 ut
1053 315 1205 356 omnia
1233 315 1374 370 vobis,

202 384 315 427 quac¹
345 368 461 411 mihi
487 369 732 411 constituta
757 377 885 424 sunt,
932 369 1103 425 possim
1129 385 1376 426 exponere.

203 424 551 481 Quamobrem,
617 433 854 481 quaestura
893 425 1017 467 istius
1045 426 1375 481 demonstrata,

201 482 430 540 primique
458 481 743 538 magistratus
771 491 813 524 et
842 480 966 523 furto
1003 486 1048 523 et
1075 481 1242 524 scelere
1271 497 1378 538 per-

205 545 376 596 specto,
404 537 576 594 reliqua
597 537 827 587 attendite.
880 537 931 579 In
950 537 1111 594 quibus
1127 538 1241 580 illud
1261 546 1377 580 tem·

203 610 289 652 pus
318 593 608 636 Sullanarum
633 594 1019 651 proscriptionum
1039 610 1089 636 ac
1111 594 1378 651 rapinarum.

203 651 589 708 praetermittam3
627 664 772 706 neque
798 665 881 707 ego
909 650 1045 691 istum
1066 650 1149 691 sibi
1174 664 1234 692 ex
1254 664 1379 692 com-

202 707 334 749 muni
364 706 614 748 calamitate
644 705 952 748 defensionem
979 707 1120 748 ullam
1141 707 1285 748 sinam
1304 721 1377 748 su-

203 778 343 806 mere.
429 762 529 803 Suis
557 777 662 804 eum
693 764 826 804 certis
864 762 1150 819 propriisque
1178 762 1380 804 crimini-

208 815 292 861 bus
321 818 552 871 accusabo.
630 817 964 874 Quamobrem,
1001 815 1091 860 hoc
1117 816 1243 861 omni
1271 826 1386 860 tem-

225 890 322 930 pore
362 873 549 915 Sullano
587 889 645 915 ex
685 874 969 916 accusatione
1013 875 1385 932 circumscripto,

207 890 485 988 legationem
517 930 610 972 eius
633 930 916 987 praeclaram
945 931 1217 987 cognoscite.

325 1040 480 1086 XVII.
500 1042 797 1099 Posteaquam
817 1041 900 1085 Cn.
918 1038 1182 1084 Dolabellae
1197 1041 1383 1100 provin-

210 1100 279 1142 cia
307 1099 466 1140 Cilicia
498 1100 743 1140 constituta
776 1107 862 1140 est:
929 1114 956 1139 o
989 1099 1050 1141 dii
1079 1093 1381 1140 immortales!

209 1163 377 1212 quanta
403 1150 487 1195 iste
515 1155 758 1209 cupiditate
780 1186 793 1210 ,
843 1155 1002 1211 quibus
1034 1153 1379 1211 allegationibus

205 1212 336 1255 illam
366 1210 449 1265 sibi
475 1211 761 1265 legationem.
785 1211 1065 1267 expugnavit
1084 1204 1109 1252 ?
1150 1205 1224 1251 ‘Id
1257 1208 1381 1265 quod
1419 1250 1420 1257 ,

212 1268 297 1310 Cn.
324 1256 588 1308 Dolabellae
611 1266 888 1324 principium
907 1266 1134 1308 maximae
1152 1265 1382 1307 calamita-

210 1324 269 1366 tis
297 1322 397 1365 fuit.
453 1322 576 1363 Nam
603 1330 655 1364 ut
678 1323 759 1364 iste
785 1322 1015 1379 profectus
1033 1331 1124 1378 est,
1165 1335 1381 1378 quacum-

215 1395 302 1436 que
324 1379 410 1420 iter
437 1378 568 1433 fecit,
605 1378 825 1422 eiusmodi
852 1378 966 1434 fuit,
1016 1393 1106 1420 non
1135 1385 1184 1420 ut
1207 1377 1383 1433 legatus

212 1450 274 1494 po
291 1435 372 1476 >uli
389 1434 600 1489 Romani,
628 1434 705 1476 sed
723 1445 775 1478 ut
822 1435 1013 1477 uaedam
1031 1434 1260 1477 calamitas
1277 1448 1381 1490 per-

210 1451 376 1545 vadere
401 1490 640 1533 videretur.
716 1492 770 1534 In
794 1452 970 1534 {lachaia
993 1487 1380 1550 (praetermittam

214 1548 396 1590 minora
423 1548 598 1603 omnia,
650 1563 845 1604 quorum
879 1547 1025 1589 simile
1052 1546 1243 1589 forsitan
1268 1545 1381 1587 alius

213 1618 391 1660 quoque
412 1603 580 1659 aliquid
599 1604 839 1660 aliquando
867 1603 1051 1659 feceritg
1082 1603 1200 1645 nihil
1219 1601 1380 1657 dicam,

212 1660 302 1702 nisi
330 1658 580 1716 singulare,
623 1660 709 1702 nisi
738 1661 882 1717 quod,
927 1660 962 1701 si
990 1660 1040 1702 in
1075 1660 1214 1701 alium
1247 1672 1381 1700 reum

214 1715 464 1771 diceretur,
485 1715 750 1758 incredibile
769 1717 1020 1773 videretur,
1066 1716 1382 1771 magistratum

216 1768 483 1829 Sicyonium
512 1787 722 1814 nummos
743 1772 963 1830 poposcit.
1069 1787 1092 1814 e
1113 1772 1169 1814 sit
1188 1770 1274 1813 hoc
1295 1769 1384 1812 cri-

214 1843 322 1870 men
358 1828 406 1869 in
430 1828 650 1870 Verrem:
695 1828 904 1870 fecerunt
938 1829 1026 1871 alii.
1111 1828 1268 1884 Quum
1302 1826 1382 1869 ille

214 1899 309 1925 nou
347 1884 474 1926 daret
492 1898 513 1938 ,‘
551 1885 879 1926 animadvertit.
964 1884 1256 1942 Improbum,
1303 1880 1384 1924 sed

212 1955 304 1982 non
341 1939 607 1982 inauditum.
693 1942 847 1982 Genus
883 1940 1281 1983 animadversionis
1318 1937 1385 1980 vi-

211 1995 339 2052 deter,
393 1997 636 2053 quaeretis,
690 2011 748 2039 ex
780 2009 870 2053 quo
899 2012 1066 2054 genere
1094 1995 1335 2038 hominum
1353 1997 1382 2038 ’.ἴ

258 2137 291 2174 1)
321 2132 512 2166 hominum
534 2146 554 2166 e
581 2135 804 2167 coniectura
827 2135 1069 2167 Hotomanm‘
1092 2140 1312 2179 receperunt
1333 2130 1381 2167 P.

204 2178 427 2216 LManutius,
461 2181 613 2225 aliique.
666 2176 771 2213 Edd.
792 2188 890 2213 vett.
913 2178 1030 2213 codd.
1047 2178 1188 2212 Franc.
1215 2178 1287 2215 Ga,
1317 2175 1379 2211 ed.

210 2225 357 2259 Graev.
379 2225 482 2258 Lali.
506 2224 710 2260 hominem.
