1420 2491
142 169 201 209 τῆς
477 167 533 201 IN
559 165 764 200 VERREM
796 166 908 201 ACT.
935 166 981 199 Π.

145 261 448 302 sinuationem
476 258 644 300 ordinis
672 259 837 314 nostri,
871 265 889 286 ¹
923 257 1208 313 ¹salutemque
1235 271 1306 298 so-

151 316 341 358 ciorum.
401 315 449 356 Si
486 313 608 356 enim
635 314 895 356 innocentes
919 312 1166 356 existimari
1180 312 1316 354 volu->

150 386 272 427 mus,
308 386 402 413 non
429 371 575 412 solum
602 385 684 411 nos
721 370 1013 424 abstinentes,
1059 368 1136 410 sed
1173 368 1310 424 etiam

151 436 332 470 nostros
360 427 545 468 comites
576 433 799 482 praestare
821 426 1046 467 debemus.
1104 424 1309 466 Primum

155 483 360 527 omnium
389 497 526 539 opera
550 482 692 524 danda
721 489 808 537 est,
843 487 864 511 2
894 491 942 523 ut
970 496 1044 522 eos
1076 479 1312 522 nobiseum

156 539 394 594 ducamus,
426 538 500 594 qui
525 545 703 579 nostrae
731 537 874 581 famae
904 536 1127 594 capitique
1156 549 1315 577 consu-

155 595 274 649 lant3
305 594 481 648 deinde,
510 594 611 635 siin
630 593 884 636 hominibus
897 593 1204 648 eligendisnos
1215 606 1315 649 spes

157 650 379 692 amicitiae
406 648 619 691 fefellerit
638 681 650 704 ,
696 658 746 692 ut
795 651 1103 704 vindicemus,
1159 648 1317 690 missos

157 705 399 762 faciamus,
447 720 624 761 semper
659 706 720 747 ita
755 706 985 759 vivamus,
1020 712 1072 746 ut
1097 705 1320 746 rationem

156 761 435 804 reddendam
471 761 598 803 nobis
644 761 926 804 arbitremur.
1009 760 1213 802 Africani
1255 767 1324 801 est

161 817 250 859 hoc
272 850 284 872 ,
350 817 547 859 hominis
615 817 943 860 liberalissimi:
1004 814 1325 876 (veruntamen

159 888 209 914 ea
247 874 492 915 liberalitas
512 882 576 914 est
603 873 834 928 probanda
856 905 869 928 ,
908 888 1019 929 quae
1040 890 1048 907 κ
1069 873 1163 914 sine
1210 872 1326 927 peri-

162 929 264 973 culo
296 929 637 971 existimationis
666 936 731 969 est
751 960 765 984 ,
800 936 850 969 ut
868 929 915 970 in
934 928 1012 970 illo
1031 926 1158 986 fuit3)
1186 942 1326 984 quum

166 985 220 1026 ab
253 1001 305 1026 eo
337 985 516 1041 quidam
550 993 675 1026 vetus
699 993 940 1038 assectator
963 990 980 1016 3
1007 999 1100 1027 non
1114 984 1329 1040 impetra-

163 1050 257 1094 ret,
278 1041 353 1083 -uti
377 1056 421 1082 se
450 1039 730 1098 praesectum
758 1041 803 1082 in
823 1040 1027 1081 Africam
1048 1040 1257 1094 duceret,
1283 1045 1330 1079 et

167 1097 214 1137 id
245 1097 386 1139 ferret
414 1098 620 1138 moleste:
662 1096 871 1151 „Noli,”
907 1096 1077 1152 inquit,
1109 1095 1389 1152 „mirari‚=---

168 1153 203 1193 si
226 1161 277 1194 tu
297 1169 320 1194 a
340 1169 411 1194 me
432 1153 516 1193 hoc
538 1168 630 1193 non
648 1152 875 1208 impetras.
924 1151 1023 1208 Ego
1043 1151 1131 1193 iam
1152 1151 1363 1206 pridem*

169 1209 223 1249 ab
255 1224 331 1264 eo,
362 1209 433 1249 cui
463 1223 610 1249 meam
640 1208 1018 1249 existimationem
1045 1213 1195 1248 caram
1227 1205 1327 1248 fore

170 1264 389 1319 arbitror,
418 1271 549 1320 peto,
586 1271 636 1304 ut·
660 1278 838 1305 mecum
865 1262 1117 1319 praefectus
1148 1262 1331 1319 profici-

171 1328 345 1375 scatur,
371 1329 413 1362 et
432 1320 577 1363 adhuc
597 1320 838 1375 impetrare
857 1333 947 1360 non
966 1318 1198 1374 possum.'’
1227 1317 1336 1359 Ete-

171 1376 267 1417 nim
287 1392 335 1418 re
353 1388 457 1418 vera
475 1376 620 1417 multo
649 1376 790 1430 magis
812 1382 873 1416 est
894 1374 1141 1431 petendum
1171 1374 1224 1415 ab
1252 1373 1334 1415 ho-

117 1445 123 1451 ·
171 1432 396 1487 minibus,
427 1432 462 1473 si
489 1431 599 1474 salvi
628 1440 671 1473 et
699 1431 874 1473 honesti
905 1446 996 1471 esse
1017 1430 1222 1473 volumus
1240 1463 1253 1486 ,
1280 1438 1334 1472 ut

174 1496 279 1529 cant
313 1489 549 1530 nobiscum
576 1487 621 1529 in
649 1487 952 1543 provinciam,
985 1501 1118 1542 quam
1137 1486 1223 1528 hoc
1243 1486 1332 1529 illis

170 1543 223 1584 iu
244 1543 447 1586 beneficii
485 1545 584 1586 loco
610 1543 914 1584 deferendum.
974 1542 1062 1584 Sed
1092 1550 1166 1598 tu,
1193 1556 1334 1598 quum

176 1607 218 1639 ct
246 1608 346 1642 tuos
379 1601 544 1642 amicos
576 1600 624 1641 in
645 1599 950 1656 provinciam,
981 1599 1104 1655 quasi
1129 1599 1176 1640 in
1205 1613 1335 1655 prae-

224 1708 256 1743 ι)
275 1702 387 1736 nostri
411 1701 512 1748 quod
532 1702 646 1747 vulgo
666 1702 793 1739 abest.
820 1710 875 1734 est
897 1706 934 1734 in
954 1699 1036 1738 cod,
1050 1699 1198 1734 Metell.
1222 1698 1337 1747 idque

179 1761 259 1780 rum
282 1748 469 1782 Lambino
489 1747 719 1781 servandum
737 1752 890 1793 putavi.

192 1806 398 1884 I2)d.¹‘‡ffale
427 1811 467 1840 in
495 1805 626 1839 multis
659 1803 773 1838 codd.
804 1814 839 1838 et
875 1803 963 1838 edd.
991 1817 1050 1851 pr.
1092 1815 1204 1852 opera
1237 1798 1350 1838 tanta'

181 1866 192 1883 ι
210 1865 250 1884 ,ιη
284 1864 303 1884 n
326 1861 393 1886 est·
969 1873 976 1879 ·

226 1913 261 1949 3)
290 1908 413 1956 Vulgo
438 1909 597 1943 additur
634 1921 676 1943 ex
713 1921 864 1945 numero
897 1908 1113 1942 amicorum.
1160 1906 1222 1940 Ea
1241 1916 1342 1940 recte

182 1954 384 1989 Ernescius
401 1957 613 2002 glossatori
633 1955 777 1989 tribuit.
827 1955 928 1989 Nam
947 1962 1186 1988 assectatores
1206 1951 1255 1986 de
1264 1957 1347 1999 qui-

185 2000 249 2038 lqus
279 2000 332 2044 cf.
371 2003 414 2043 O.
451 2003 527 2034 cic.
556 2000 604 2033 de
635 2006 820 2047 petitiono
848 2001 1068 2034 consulatus
1101 2011 1133 2033 c.
1173 2010 1196 2044 9
1233 2007 1344 2032 erant

184 2045 340 2079 clientes
361 2048 534 2080 virorum
557 2048 741 2080 clarorum
754 2070 766 2086 2
789 2048 1004 2093 plerumque
1021 2045 1190 2078 homines
1200 2054 1343 2077 tenues.

185 2091 264 2124 Eos
284 2103 361 2124 non
386 2101 539 2137 poterat
565 2093 692 2138 Scipio
710 2095 753 2126 in
772 2098 978 2126 amicorum
1008 2103 1161 2124 numero
1193 2088 1342 2123 hahere.
1387 2115 1397 2123 x

187 2137 315 2181 l'i'127ue
335 2150 426 2170 vero
449 2139 482 2169 is
503 2147 734 2177 assectator,
761 2137 809 2171 de
830 2150 899 2185 quo
925 2136 992 2171 hoc
1012 2137 1140 2182 agitur
1159 2133 1348 2169 eiusmodi

188 2192 291 2219 emt,
316 2192 356 2215 uc
377 2195 457 2215 eum
484 2184 607 2230 Scipio
629 2189 789 2217 amicum
808 2183 944 2217 habere
963 2183 1102 2217 vellet.-
1129 2180 1231 2228 quod
1249 2181 1347 2215 sacis

184 2237 294 2270 pacet
310 2241 329 2261 e
345 2231 599 2275 sequentibus.
649 2231 787 2276 Itaque
798 2231 868 2264 illa
886 2229 1004 2264 verba
1025 2228 1209 2274 eoeptmxi.
