1431 2475
210 179 350 215 unm
377 179 652 216 SECUNDUS.
701 172 813 216 CAPj
831 188 866 221 g.
892 193 926 226 ς).
957 192 1009 214 μ».
1155 181 1218 223 165

63 277 214 316 nonne
241 279 286 314 te
314 273 426 315 mihi
451 279 608 314 testem
634 273 682 314 in
716 272 802 315 hoc
829 274 1018 315 crimine
1050 273 1217 331 eripuit

62 343 154 371 non
166 329 289 371 istius
307 329 577 382 innocentia,
598 329 673 370 sed
693 328 802 384 legis
817 324 1059 386 exceptio?
1082 329 1214 372 Reci-
1236 372 1239 373 γ

59 392 105 426 ta
123 385 389 427 testimonia.
405 392 423 414 1
464 397 833 428 TESTIMONIA
853 398 900 427 M.
928 396 1212 441 LUCULLI,

61 452 87 481 c
100 452 131 482 H
142 453 169 483 L
180 453 210 483 o
222 452 256 482 n
268 453 285 482 1
330 454 360 483 D
374 454 390 483 1
403 454 432 484 o
445 454 475 483 N
487 453 503 482 1
516 453 551 481 s.
582 441 752 483 Satisne
764 442 886 483 vobis
909 456 1114 497 magnam
1135 456 1211 497 pe-

58 496 237 539 cuniam
254 473 476 539 Vyenerius
495 497 656 552 homo,
690 496 766 553 qui
786 513 808 538 c
831 497 1090 539 Chelidonis
1109 497 1208 539 sinu

57 551 105 593 in
123 553 400 609 provinciam
418 555 647 618 profectus
673 561 807 608 esset,
845 553 1037 596 Veneris
1064 553 1210 596 nomi-

56 622 113 650 ne
142 609 359 666 quaesisse
385 604 596 652 videtur?

166 687 251 730 IX.
278 688 480 747 Accipite
500 689 634 731 aliam
651 690 699 732 in
715 692 888 733 minore
906 690 1096 748 pecunia
1116 705 1208 732 non

54 745 202 786 minus
228 744 537 802 impudentem
565 745 847 789 calumniam.
921 747 1049 806 Sosip
1088 761 1135 787 us
1164 754 1209 788 et

53 801 320 858 Epicrates2
346 801 506 844 fratres
523 809 628 844 sunt
651 803 971 860 Agyrinenses.
1075 817 1207 844 orum

53 866 181 913 pater
198 857 359 901 abhinc
379 859 468 900 duo
490 865 534 899 et
552 872 624 899 xx
652 874 790 900 annos
811 867 876 900 est
895 865 1115 900 mortuus.
1153 857 1208 900 In

55 914 181 954 cuius
200 920 480 969 testamento,
508 914 700 968 quodam
717 913 833 970 loco,
859 915 894 955 si
917 913 1208 955 commissum

54 968 160 1025 quid
180 977 307 1024 enei,
325 969 467 1012 multa
486 976 581 1010 erat
599 969 782 1010 Veneri.
839 970 942 1026 Ipso
969 984 1044 1011 xx
1071 984 1206 1022 anno,

54 1039 194 1080 quum
212 1033 279 1067 tot
298 1027 465 1067 interea
481 1033 723 1081 praetores,
758 1033 824 1066 tot
843 1034 1112 1082 quaestores,
1140 1032 1208 1066 tot

53 1080 395 1124 calumniatores
422 1081 469 1122 in
489 1080 719 1136 provincia
738 1080 947 1136 fuissent,
983 1078 1208 1122 hereditas

52 1135 108 1177 ab
135 1136 203 1178 his
222 1136 414 1178 Veneris
437 1136 619 1177 nomine
640 1136 778 1192 petita
809 1145 886 1177 est.
901 1142 916 1169 3
977 1136 1204 1177 Causam⁴

52 1192 221 1234 Verres
255 1191 494 1249 cognoscit.
559 1191 802 1233 Pecuniam
869 1206 917 1233 er
941 1190 1205 1233 Volcatium

52 1247 237 1304 accipit,
273 1246 367 1289 fere
389 1247 443 1288 ad
468 1251 565 1288 1:1:5
585 1259 720 1288 cccc
749 1247 836 1288 mil'
850 1248 915 1302 ia,
951 1247 1005 1288 ab
1029 1246 1204 1288 duobus

50 1302 280 1346 fratribus.
355 1303 609 1345 Multorum
634 1303 887 1344 testimonia
916 1301 1099 1345 audistis
1127 1316 1206 1344 an-

51 1368 135 1401 tea.
219 1359 442 1402 vicerunt
470 1359 511 1401 A
578 1359 774 1400 riuenses
812 1358 973 1400 fratres
1008 1359 1071 1400 ita
1089 1390 1103 1413 ,
1142 1366 1205 1406 {ut

51 1424 230 1473 egentes
250 1415 488 1472 inanesque
540 1415 799 1457 iscederent.

163 1495 224 1538 X.
251 1495 315 1537 At
344 1495 463 1537 enim
491 1495 545 1536 ad
563 1495 758 1537 Verrem
784 1495 974 1551 pecunia
1001 1494 1084 1535 ista
1110 1508 1203 1536 non

50 1553 264 1610 pervenit.
323 1551 447 1607 Quae
477 1559 542 1593 est
569 1552 652 1593 ista
681 1545 914 1592 defensio?
954 1557 1109 1591 utrum
1136 1564 1204 1590 as·-

48 1610 304 1651 severatur⁵
347 1608 396 1650 in
421 1607 530 1663 hoc,
577 1622 635 1650 an
660 1601 892 1649 tentatur?
937 1604 1057 1648 Mihi
1084 1604 1205 1649 enim

99 1787 134 1826 ι)
162 1765 289 1817 Verba
304 1779 434 1816 Recita
453 1778 663 1815 testimonia
684 1788 743 1814 ex·
763 1778 822 1814 ed.
850 1778 947 1813 'Aldz
966 1782 1114 1825 nepotis
1146 1791 1204 1816 req

53 1840 383 1916 v⁰;)ai,‘iiilocrateo
409 1871 492 1906 cod.
518 1872 663 1906 Metell.
711 1872 764 1905 Et
780 1875 836 1907 sic
860 1871 984 1905 edidit
1003 1870 1179 1905 Lambin.

97 1925 134 1962 3)
162 1920 335 1954 Lambin.
360 1917 535 1964 defendit
555 1919 766 1956 lectionem,
797 1931 908 1965 quam
927 1919 1093 1963 plerique
1113 1917 1205 1950 libri

56 1966 189 2013 scripti
207 1975 244 2000 et
271 1965 360 2000 edd.
384 1963 587 1999 ostendunt
604 1963 700 2012 ipsos
721 1976 764 1997 xx
784 1975 897 2001 annon
921 1983 968 1990 —
991 1962 1107 2010 petita
1123 1973 1201 1999 non

58 2021 125 2046 011.

99 2061 137 2100 4)
162 2069 301 2092 causam
324 2057 429 2090 abest
453 2055 537 2089 cod.
569 2057 715 2090 Metell.

103 2108 138 2143 5)
163 2095 274 2138 Rect'e
300 2104 563 2137 Hotomnnnas
593 2106 706 2148 impr.
727 2116 739 2135 .-
790 2104 912 2137 inrum
947 2106 1046 2136 serio
1075 2098 1202 2135 iddi-

60 2158 166 2186 ειιηι,
200 2158 240 2182 ut
265 2148 312 2183 de
335 2146 495 2186 endunt,
539 2159 591 2180 an
620 2149 882 2194 experiuntur,
920 2153 954 2182 si
980 2152 1131 2194 possint
1155 2157 1203 2177 ea.

59 2195 209 2227 ratione
233 2189 281 2227 He
303 2192 440 2226 endere
456 2193 543 2227 coll.
565 2193 670 2226 Brut.
691 2206 732 2227 ·c.
754 2200 809 2234 35,
834 2194 898 2229 ubi
927 2192 1060 2229 eodem
1087 2201 1203 2227 sensu

52 2240 209 2285 punitur
229 2250 441 2274 asseverare.
472 2237 532 2284 Cs.
553 2250 586 2272 c.
611 2250 663 2272 ιι.
682 2244 766 2279 init,
