1416 2480
252 521 616 568 ACTIONIS
664 519 1060 565 SECUNDAE

605 626 623 660 1
667 625 706 661 N

83 716 152 775 C.
312 719 372 778 V
490 720 537 774 E
657 719 714 776 R
830 718 887 773 R
1004 715 1054 772 E
1168 712 1235 769 M

119 795 122 798 Α
383 847 567 886 LIBER
619 843 938 893 QUARTUS.

403 1045 905 1095 SUMMARIUM.

79 1109 137 1175 In
168 1144 314 1189 quarto
342 1140 610 1177 accusationis
640 1139 747 1177 libro
779 1137 921 1175 Cicero
947 1134 1088 1173 Verris
1121 1134 1237 1173 furta.

79 1194 124 1232 in
144 1194 269 1247 signis
281 1201 323 1233 et
337 1195 506 1246 reliquis
518 1196 770 1233 ornamentis
781 1194 943 1231 Siciliae
960 1190 1238 1244 persequitu1·.'

81 1247 138 1288 Ac
155 1251 304 1300 statim,
325 1257 371 1289 ut
387 1251 543 1289 iudices
563 1264 688 1303 genus
708 1250 842 1302 ipsum
862 1252 1130 1301 cognoscant,
1160 1243 1236 1283 ne-

80 1313 147 1357 gat
174 1307 217 1344 in
237 1306 378 1345 Sicilia
404 1308 535 1345 ullum
563 1313 799 1358 argenteum
818 1319 888 1343 vas
902 1335 911 1353 ‚
932 1304 1063 1342 ullum
1085 1301 1234 1340 Corin-

79 1361 216 1400 thium
242 1370 314 1401 aut
331 1363 544 1401 Deliacum
568 1364 707 1411 fuisse,
736 1363 863 1401 ullam
896 1373 1116 1413 gemmam,
1162 1363 1234 1395 aut

80 1419 341 1470 margaritam
356 1449 366 1468 ,
404 1420 626 1471 quidquam
646 1433 699 1457 ex
716 1433 816 1457 auro
836 1423 908 1455 aut
924 1418 1045 1454 ebore
1064 1415 1233 1461 sactum,

80 1474 242 1527 signum
267 1477 399 1514 ullum
427 1490 620 1522 aeneum,
650 1488 947 1521 marmoreum,
987 1473 1237 1516 eburneum,

79 1531 208 1569 ullam
232 1533 433 1583 picturam
464 1546 596 1583 neque
624 1533 669 1570 in
696 1531 833 1570 tabula
861 1543 992 1580 neque
1025 1528 1071 1564 in
1098 1524 1239 1564 textili

80 1586 229 1636 ruisse,
258 1590 359 1639 quin
388 1589 675 1639 conquisierit,
706 1587 954 1640 inspexerit,
978 1582 1088 1635 quod
1106 1580 1236 1633 placi-

81 1647 169 1680 tum
197 1644 260 1692 sit,
289 1645 504 1683 abstulerit
532 1659 563 1683 c.
589 1659 621 1683 1.

194 1698 399 1738 Messanae
417 1698 510 1750 (etsi
529 1701 739 1738 civitatem
752 1697 1093 1737 Mamertinorum
1114 1696 1239 1746 prae--⁴

82 1753 202 1806 cipue
230 1755 400 1808 diligere
427 1755 665 1803 videbatur,
713 1756 757 1793 hi
789 1755 914 1793 etiam
941 1752 1138 1790 miserant
1166 1746 1239 1800 qui

82 1824 176 1849 eum
204 1808 438 1861 laudarent)
468 1818 604 1850 tamen
626 1811 668 1849 C.
688 1811 789 1850 Heio
817 1816 992 1861 quatuor
1021 1807 1136 1858 signa
1165 1805 1239 1842 ab·

83 1868 202 1905 stulit
229 1867 532 1920 pulcherrima,
556 1882 714 1906 summo
743 1867 919 1905 artificio
938 1875 1096 1901 summa
1118 1859 1239 1899 nobi-

83 1922 199 1961 litate
220 1938 253 1961 c.
273 1936 309 1962 2.
329 1924 366 1961 3.
387 1925 583 1962 mentitus
611 1939 652 1961 se
683 1924 780 1970 ista,
804 1929 851 1960 ut
870 1920 998 1959 multa
1018 1919 1098 1956 alia
1116 1915 1240 1955 emis-

85 1991 148 2026 so,
177 1977 270 2028 (etsi
295 1993 345 2022 ne
373 1979 521 2019 licebat
549 1980 712 2031 quidem
742 1992 815 2031 per
841 1977 947 2029 leges
974 1975 1025 2013 iis
1055 1974 1239 2025 quicum

87 2041 284 2086 potestate
310 2041 382 2076 aut
406 2036 607 2087 legatione
635 2036 678 2073 in
709 2034 965 2087 provinciam
991 2035 1126 2069 essent
1144 2041 1243 2080 pro-

86 2091 184 2130 fecti
216 2091 466 2142 mancipium
494 2106 640 2140 emere,
668 2092 748 2130 nisi
773 2091 818 2128 in
846 2091 982 2129 locum
1011 2078 1242 2131 demortui)

87 2161 120 2184 0·
151 2147 286 2193 5-8,
343 2148 518 2200 ,Ιξᾷῳιᾳ
539 2148 618 2199 hoc
644 2148 733 2200 ipso
771 2150 1034 2199 argumento,
1071 2139 1243 2190 aliisque

88 2204 270 2242 ostendit
294 2202 637 2244 Mamertinorum
664 2203 942 2242 laudationem
970 2197 1112 2238 Verris
1140 2193 1247 2234 nihil
