<?xml version="1.0" encoding="UTF-8"?>
<!DOCTYPE html PUBLIC "-//W3C//DTD XHTML 1.0 Transitional//EN"
    "http://www.w3.org/TR/xhtml1/DTD/xhtml1-transitional.dtd">
<html xmlns="http://www.w3.org/1999/xhtml" xml:lang="en" lang="en">
 <head>
  <title>
</title>
<meta http-equiv="Content-Type" content="text/html;charset=utf-8" />
  <meta name='ocr-system' content='tesseract 3.04.00' />
  <meta name='ocr-capabilities' content='ocr_page ocr_carea ocr_par ocr_line ocrx_word'/>
</head>
<body>
  <div class='ocr_page' id='page_1' title='image "./operaquaesupersu05ciceuoft_0530.png"; bbox 0 0 1431 2481; ppageno 0'>
   <div class='ocr_carea' id='block_1_1' title="bbox 195 128 1358 286">
    <p class='ocr_par' dir='ltr' id='par_1_1' title="bbox 195 128 1358 286">
     <span class='ocr_line' id='line_1_1' title="bbox 195 128 1025 173; baseline 0 -9"><span class='ocrx_word' id='word_1_1' title='bbox 195 139 254 173; x_wconf 79' lang='lat'>..32</span> <span class='ocrx_word' id='word_1_2' title='bbox 520 128 578 164; x_wconf 66' lang='lat' dir='ltr'>{N</span> <span class='ocrx_word' id='word_1_3' title='bbox 602 128 809 165; x_wconf 68' lang='lat' dir='ltr'>VERREM</span> <span class='ocrx_word' id='word_1_4' title='bbox 831 129 945 164; x_wconf 67' lang='lat' dir='ltr'>Aer.</span> <span class='ocrx_word' id='word_1_5' title='bbox 973 130 1025 164; x_wconf 86' lang='lat'>11.</span> 
     </span>
     <span class='ocr_line' id='line_1_2' title="bbox 275 219 1358 286; baseline 0.001 -25"><span class='ocrx_word' id='word_1_6' title='bbox 275 240 280 261; x_wconf 93' lang='grc'>.·</span> <span class='ocrx_word' id='word_1_7' title='bbox 301 219 576 263; x_wconf 81' lang='lat' dir='ltr'>LXXVIII.</span> <span class='ocrx_word' id='word_1_8' title='bbox 605 219 680 263; x_wconf 79' lang='lat' dir='ltr'>Ex</span> <span class='ocrx_word' id='word_1_9' title='bbox 708 221 830 264; x_wconf 87' lang='lat' dir='ltr'>omni</span> <span class='ocrx_word' id='word_1_10' title='bbox 851 221 1067 278; x_wconf 78' lang='lat' dir='ltr'>pecunia,</span> <span class='ocrx_word' id='word_1_11' title='bbox 1106 234 1240 286; x_wconf 74' lang='lat' dir='ltr'>quam</span> <span class='ocrx_word' id='word_1_12' title='bbox 1261 235 1358 262; x_wconf 80' lang='lat' dir='ltr'>ara·</span> 
     </span>
    </p>
   </div>
   <div class='ocr_carea' id='block_1_2' title="bbox 167 268 1402 1899">
    <p class='ocr_par' dir='ltr' id='par_1_2' title="bbox 167 268 1402 1899">
     <span class='ocr_line' id='line_1_3' title="bbox 201 268 1360 333; baseline -0.002 -13"><span class='ocrx_word' id='word_1_13' title='bbox 201 276 371 320; x_wconf 77' lang='lat' dir='ltr'>toribus</span> <span class='ocrx_word' id='word_1_14' title='bbox 391 268 566 319; x_wconf 78' lang='lat' dir='ltr'>&#39;solvere</span> <span class='ocrx_word' id='word_1_15' title='bbox 587 276 801 333; x_wconf 79' lang='lat' dir='ltr'>debuisti,</span> <span class='ocrx_word' id='word_1_16' title='bbox 841 278 972 319; x_wconf 83' lang='lat' dir='ltr'>certis</span> <span class='ocrx_word' id='word_1_17' title='bbox 1000 276 1258 319; x_wconf 84' lang='lat' dir='ltr'>nommibus</span> <span class='ocrx_word' id='word_1_18' title='bbox 1284 277 1360 318; x_wconf 83' lang='lat' dir='ltr'>de·</span> 
     </span>
     <span class='ocr_line' id='line_1_4' title="bbox 197 331 1361 391; baseline 0 -17"><span class='ocrx_word' id='word_1_19' title='bbox 197 333 430 375; x_wconf 81' lang='lat' dir='ltr'><strong>ductiones</strong></span> <span class='ocrx_word' id='word_1_20' title='bbox 457 332 556 374; x_wconf 82' lang='lat' dir='ltr'>fieri</span> <span class='ocrx_word' id='word_1_21' title='bbox 585 331 808 376; x_wconf 74' lang='lat' dir='ltr'>solebant:</span> <span class='ocrx_word' id='word_1_22' title='bbox 845 334 1046 391; x_wconf 85' lang='lat' dir='ltr'>primum</span> <span class='ocrx_word' id='word_1_23' title='bbox 1075 348 1159 390; x_wconf 87' lang='lat' dir='ltr'>pro</span> <span class='ocrx_word' id='word_1_24' title='bbox 1189 340 1361 388; x_wconf 76' lang='lat' dir='ltr'>specta-</span> 
     </span>
     <span class='ocr_line' id='line_1_5' title="bbox 198 388 1362 446; baseline -0.001 -15"><span class='ocrx_word' id='word_1_25' title='bbox 198 390 322 431; x_wconf 80' lang='lat' dir='ltr'>tione</span> <span class='ocrx_word' id='word_1_26' title='bbox 351 396 396 430; x_wconf 85' lang='lat' dir='ltr'>et</span> <span class='ocrx_word' id='word_1_27' title='bbox 421 388 638 444; x_wconf 75' lang='lat' dir='ltr'>collyb03=</span> <span class='ocrx_word' id='word_1_28' title='bbox 661 388 821 431; x_wconf 82' lang='lat' dir='ltr'>deinde</span> <span class='ocrx_word' id='word_1_29' title='bbox 839 404 924 446; x_wconf 87' lang='lat' dir='ltr'>pro</span> <span class='ocrx_word' id='word_1_30' title='bbox 952 389 1100 431; x_wconf 81' lang='lat' dir='ltr'>nescio</span> <span class='ocrx_word' id='word_1_31' title='bbox 1124 403 1212 445; x_wconf 88' lang='lat' dir='ltr'>quo</span> <span class='ocrx_word' id='word_1_32' title='bbox 1239 402 1362 430; x_wconf 79' lang='lat' dir='ltr'>cera·</span> 
     </span>
     <span class='ocr_line' id='line_1_6' title="bbox 198 444 1362 501; baseline 0 -15"><span class='ocrx_word' id='word_1_33' title='bbox 198 446 283 488; x_wconf 87' lang='lat' dir='ltr'>rio.</span> <span class='ocrx_word' id='word_1_34' title='bbox 339 445 468 486; x_wconf 82' lang='lat' dir='ltr'>Haec</span> <span class='ocrx_word' id='word_1_35' title='bbox 489 444 678 499; x_wconf 85' lang='lat' dir='ltr'>·0mnia‚·</span> <span class='ocrx_word' id='word_1_36' title='bbox 703 444 895 501; x_wconf 85' lang='lat' dir='ltr'>iudices,</span> <span class='ocrx_word' id='word_1_37' title='bbox 935 460 1030 487; x_wconf 89' lang='lat' dir='ltr'>non</span> <span class='ocrx_word' id='word_1_38' title='bbox 1047 455 1202 487; x_wconf 84' lang='lat' dir='ltr'>rerum</span> <span class='ocrx_word' id='word_1_39' title='bbox 1220 452 1362 486; x_wconf 83' lang='lat' dir='ltr'>certa-</span> 
     </span>
     <span class='ocr_line' id='line_1_7' title="bbox 197 499 1362 558; baseline -0.001 -16"><span class='ocrx_word' id='word_1_40' title='bbox 197 517 300 542; x_wconf 89' lang='lat' dir='ltr'>rum</span> <span class='ocrx_word' id='word_1_41' title='bbox 313 532 327 555; x_wconf 88' lang='lat'><strong><em>‚</em></strong></span> <span class='ocrx_word' id='word_1_42' title='bbox 363 501 441 542; x_wconf 87' lang='lat' dir='ltr'>sed</span> <span class='ocrx_word' id='word_1_43' title='bbox 457 499 685 541; x_wconf 86' lang='lat' dir='ltr'>furtorum</span> <span class='ocrx_word' id='word_1_44' title='bbox 703 500 1139 558; x_wconf 80' lang='lat' dir='ltr'>improbissimorum</span> <span class='ocrx_word' id='word_1_45' title='bbox 1160 507 1265 542; x_wconf 85' lang='lat' dir='ltr'>sunt</span> <span class='ocrx_word' id='word_1_46' title='bbox 1283 515 1362 542; x_wconf 82' lang='lat' dir='ltr'>vo-</span> 
     </span>
     <span class='ocr_line' id='line_1_8' title="bbox 202 556 1364 614; baseline -0.001 -16"><span class='ocrx_word' id='word_1_47' title='bbox 202 557 372 598; x_wconf 74' lang='lat' dir='ltr'>cabula.</span> <span class='ocrx_word' id='word_1_48' title='bbox 401 590 402 593; x_wconf 58' lang='grc'>,</span> <span class='ocrx_word' id='word_1_49' title='bbox 430 556 552 597; x_wconf 82' lang='lat' dir='ltr'>Nam</span> <span class='ocrx_word' id='word_1_50' title='bbox 578 556 782 614; x_wconf 84' lang='lat' dir='ltr'>collybus</span> <span class='ocrx_word' id='word_1_51' title='bbox 811 572 902 598; x_wconf 83' lang='lat' dir='ltr'>esse</span> <span class='ocrx_word' id='word_1_52' title='bbox 931 557 1004 613; x_wconf 88' lang='lat' dir='ltr'>qui</span> <span class='ocrx_word' id='word_1_53' title='bbox 1021 564 1191 613; x_wconf 83' lang='lat' dir='ltr'>potest,</span> <span class='ocrx_word' id='word_1_54' title='bbox 1252 571 1364 597; x_wconf 92' lang='lat' dir='ltr'>uum</span> 
     </span>
     <span class='ocr_line' id='line_1_9' title="bbox 196 611 1364 668; baseline 0 -14"><span class='ocrx_word' id='word_1_55' title='bbox 196 621 385 654; x_wconf 73' lang='lat' dir='ltr'>utantur</span> <span class='ocrx_word' id='word_1_56' title='bbox 417 626 571 654; x_wconf 86' lang='lat' dir='ltr'>omnes</span> <span class='ocrx_word' id='word_1_57' title='bbox 602 627 694 655; x_wconf 86' lang='lat' dir='ltr'>uno</span> <span class='ocrx_word' id='word_1_58' title='bbox 725 626 887 668; x_wconf 78' lang='lat' dir='ltr'><strong>genere</strong></span> <span class='ocrx_word' id='word_1_59' title='bbox 911 627 1232 655; x_wconf 83' lang='lat' dir='ltr'>nummorum.</span> <span class='ocrx_word' id='word_1_60' title='bbox 1280 611 1364 654; x_wconf 85' lang='lat' dir='ltr'>Ce-</span> 
     </span>
     <span class='ocr_line' id='line_1_10' title="bbox 198 664 1366 724; baseline 0 -14"><span class='ocrx_word' id='word_1_61' title='bbox 198 669 373 711; x_wconf 61' lang='lat' dir='ltr'>sarium</span> <span class='ocrx_word' id='word_1_62' title='bbox 400 672 507 709; x_wconf 75' lang='lat' dir='ltr'>‘vero</span> <span class='ocrx_word' id='word_1_63' title='bbox 541 664 685 724; x_wconf 79' lang='lat' dir='ltr'>quid?</span> <span class='ocrx_word' id='word_1_64' title='bbox 745 668 969 724; x_wconf 88' lang='lat' dir='ltr'>quomodo</span> <span class='ocrx_word' id='word_1_65' title='bbox 999 669 1088 710; x_wconf 89' lang='lat' dir='ltr'>hoc</span> <span class='ocrx_word' id='word_1_66' title='bbox 1114 681 1282 710; x_wconf 89' lang='lat' dir='ltr'>nomen</span> <span class='ocrx_word' id='word_1_67' title='bbox 1309 668 1366 710; x_wconf 81' lang='lat' dir='ltr'>ad</span> 
     </span>
     <span class='ocr_line' id='line_1_11' title="bbox 201 723 1364 780; baseline -0.001 -14"><span class='ocrx_word' id='word_1_68' title='bbox 201 725 398 767; x_wconf 82' lang='lat' dir='ltr'>rationes</span> <span class='ocrx_word' id='word_1_69' title='bbox 422 725 734 779; x_wconf 72' lang='lat' dir='ltr'>magist1·a1US‚</span> <span class='ocrx_word' id='word_1_70' title='bbox 783 724 1009 780; x_wconf 88' lang='lat' dir='ltr'>quomodo</span> <span class='ocrx_word' id='word_1_71' title='bbox 1040 723 1096 766; x_wconf 81' lang='lat' dir='ltr'>ad</span> <span class='ocrx_word' id='word_1_72' title='bbox 1125 724 1364 780; x_wconf 80' lang='lat' dir='ltr'>pecuniam</span> 
     </span>
     <span class='ocr_line' id='line_1_12' title="bbox 202 775 1369 837; baseline -0.001 -15"><span class='ocrx_word' id='word_1_73' title='bbox 202 781 430 837; x_wconf 84' lang='lat' dir='ltr'>publicam</span> <span class='ocrx_word' id='word_1_74' title='bbox 461 780 647 821; x_wconf 75' lang='lat' dir='ltr'>allatum</span> <span class='ocrx_word' id='word_1_75' title='bbox 676 775 776 821; x_wconf 74' lang='lat' dir='ltr'>est?</span> <span class='ocrx_word' id='word_1_76' title='bbox 817 778 1080 825; x_wconf 79' lang='lat' dir='ltr'>Namillud</span> <span class='ocrx_word' id='word_1_77' title='bbox 1108 794 1250 837; x_wconf 86' lang='lat' dir='ltr'>genus</span> <span class='ocrx_word' id='word_1_78' title='bbox 1277 788 1369 822; x_wconf 86' lang='lat' dir='ltr'>ter-</span> 
     </span>
     <span class='ocr_line' id='line_1_13' title="bbox 167 835 1367 891; baseline -0.001 -13"><span class='ocrx_word' id='word_1_79' title='bbox 167 842 170 844; x_wconf 84' lang='grc'><strong>’</strong></span> <span class='ocrx_word' id='word_1_80' title='bbox 203 838 317 879; x_wconf 85' lang='lat' dir='ltr'>tium</span> <span class='ocrx_word' id='word_1_81' title='bbox 339 836 618 878; x_wconf 71' lang='lat' dir='ltr'>deductionis</span> <span class='ocrx_word' id='word_1_82' title='bbox 639 844 734 878; x_wconf 85' lang='lat' dir='ltr'>erat</span> <span class='ocrx_word' id='word_1_83' title='bbox 746 835 990 891; x_wconf 81' lang='lat' dir='ltr'>eiusmodi,</span> <span class='ocrx_word' id='word_1_84' title='bbox 1020 836 1143 891; x_wconf 80' lang='lat' dir='ltr'>quasi</span> <span class='ocrx_word' id='word_1_85' title='bbox 1161 851 1253 878; x_wconf 83' lang='lat' dir='ltr'>non</span> <span class='ocrx_word' id='word_1_86' title='bbox 1269 851 1367 877; x_wconf 91' lang='lat' dir='ltr'>mo-</span> 
     </span>
     <span class='ocr_line' id='line_1_14' title="bbox 203 891 1367 948; baseline -0.002 -14"><span class='ocrx_word' id='word_1_87' title='bbox 203 893 261 934; x_wconf 89' lang='lat' dir='ltr'>do</span> <span class='ocrx_word' id='word_1_88' title='bbox 293 893 478 947; x_wconf 80' lang='lat' dir='ltr'>liceret,</span> <span class='ocrx_word' id='word_1_89' title='bbox 523 891 601 933; x_wconf 88' lang='lat' dir='ltr'>sed</span> <span class='ocrx_word' id='word_1_90' title='bbox 639 894 775 934; x_wconf 83' lang='lat' dir='ltr'>etiam</span> <span class='ocrx_word' id='word_1_91' title='bbox 802 899 1055 948; x_wconf 78' lang='lat' dir='ltr'>oporteret:</span> <span class='ocrx_word' id='word_1_92' title='bbox 1107 906 1190 933; x_wconf 84' lang='lat' dir='ltr'>nec</span> <span class='ocrx_word' id='word_1_93' title='bbox 1219 891 1367 933; x_wconf 88' lang='lat' dir='ltr'>solum</span> 
     </span>
     <span class='ocr_line' id='line_1_15' title="bbox 203 947 1367 1006; baseline -0.001 -16"><span class='ocrx_word' id='word_1_94' title='bbox 203 956 457 1006; x_wconf 78' lang='lat' dir='ltr'>oporteret,</span> <span class='ocrx_word' id='word_1_95' title='bbox 506 949 584 989; x_wconf 88' lang='lat' dir='ltr'>sed</span> <span class='ocrx_word' id='word_1_96' title='bbox 611 948 744 1005; x_wconf 79' lang='lat' dir='ltr'>plane</span> <span class='ocrx_word' id='word_1_97' title='bbox 771 962 949 990; x_wconf 87' lang='lat' dir='ltr'>necesse</span> <span class='ocrx_word' id='word_1_98' title='bbox 977 955 1100 989; x_wconf 77' lang='lat' dir='ltr'>esset.</span> <span class='ocrx_word' id='word_1_99' title='bbox 1186 947 1367 989; x_wconf 74' lang='lat' dir='ltr'>scribae</span> 
     </span>
     <span class='ocr_line' id='line_1_16' title="bbox 203 1003 1368 1060; baseline -0.002 -14"><span class='ocrx_word' id='word_1_100' title='bbox 203 1005 388 1046; x_wconf 84' lang='lat' dir='ltr'>nomine</span> <span class='ocrx_word' id='word_1_101' title='bbox 421 1005 475 1046; x_wconf 88' lang='lat' dir='ltr'>de</span> <span class='ocrx_word' id='word_1_102' title='bbox 503 1011 598 1046; x_wconf 83' lang='lat' dir='ltr'>tota</span> <span class='ocrx_word' id='word_1_103' title='bbox 618 1004 809 1060; x_wconf 66' lang='lat' dir='ltr'>pectmia</span> <span class='ocrx_word' id='word_1_104' title='bbox 825 1004 956 1046; x_wconf 82' lang='lat' dir='ltr'>binae</span> <span class='ocrx_word' id='word_1_105' title='bbox 976 1003 1368 1060; x_wconf 79' lang='lat' dir='ltr'>quinquagesimae</span> 
     </span>
     <span class='ocr_line' id='line_1_17' title="bbox 205 1054 1373 1116; baseline 0 -14"><span class='ocrx_word' id='word_1_106' title='bbox 205 1060 566 1103; x_wconf 76' lang='lat' dir='ltr'>detrahebantur.</span> <span class='ocrx_word' id='word_1_107' title='bbox 625 1060 736 1112; x_wconf 82' lang='lat' dir='ltr'>Quis</span> <span class='ocrx_word' id='word_1_108' title='bbox 763 1060 847 1102; x_wconf 76' lang='lat' dir='ltr'>tibi</span> <span class='ocrx_word' id='word_1_109' title='bbox 871 1059 959 1101; x_wconf 87' lang='lat' dir='ltr'>hoc</span> <span class='ocrx_word' id='word_1_110' title='bbox 979 1054 1230 1103; x_wconf 72' lang='lat' dir='ltr'>concessit?</span> <span class='ocrx_word' id='word_1_111' title='bbox 1257 1074 1373 1116; x_wconf 74' lang='lat' dir='ltr'>quae</span> 
     </span>
     <span class='ocr_line' id='line_1_18' title="bbox 202 1111 1370 1172; baseline -0.001 -15"><span class='ocrx_word' id='word_1_112' title='bbox 202 1111 316 1158; x_wconf 75' lang='lat' dir='ltr'>lex?</span> <span class='ocrx_word' id='word_1_113' title='bbox 357 1130 468 1172; x_wconf 83' lang='lat' dir='ltr'>quae</span> <span class='ocrx_word' id='word_1_114' title='bbox 497 1125 674 1158; x_wconf 81' lang='lat' dir='ltr'>senatus</span> <span class='ocrx_word' id='word_1_115' title='bbox 695 1111 971 1158; x_wconf 77' lang='lat' dir='ltr'>auctoritas?</span> <span class='ocrx_word' id='word_1_116' title='bbox 1010 1130 1122 1170; x_wconf 86' lang='lat' dir='ltr'>quae</span> <span class='ocrx_word' id='word_1_117' title='bbox 1139 1129 1280 1171; x_wconf 88' lang='lat' dir='ltr'>porro</span> <span class='ocrx_word' id='word_1_118' title='bbox 1299 1130 1370 1156; x_wconf 84' lang='lat' dir='ltr'>ae-</span> 
     </span>
     <span class='ocr_line' id='line_1_19' title="bbox 202 1170 1371 1229; baseline -0.001 -17"><span class='ocrx_word' id='word_1_119' title='bbox 202 1173 372 1228; x_wconf 81' lang='lat' dir='ltr'>quitas,</span> <span class='ocrx_word' id='word_1_120' title='bbox 409 1179 462 1212; x_wconf 84' lang='lat' dir='ltr'>ut</span> <span class='ocrx_word' id='word_1_121' title='bbox 482 1180 654 1214; x_wconf 71' lang='lat' dir='ltr'>tantam</span> <span class='ocrx_word' id='word_1_122' title='bbox 674 1173 915 1229; x_wconf 86' lang='lat' dir='ltr'>pecuniam</span> <span class='ocrx_word' id='word_1_123' title='bbox 934 1171 1078 1213; x_wconf 82' lang='lat' dir='ltr'>scriba</span> <span class='ocrx_word' id='word_1_124' title='bbox 1099 1179 1201 1212; x_wconf 86' lang='lat' dir='ltr'>tuus</span> <span class='ocrx_word' id='word_1_125' title='bbox 1222 1170 1371 1212; x_wconf 85' lang='lat' dir='ltr'>aufer-</span> 
     </span>
     <span class='ocr_line' id='line_1_20' title="bbox 202 1226 1371 1283; baseline -0.002 -13"><span class='ocrx_word' id='word_1_126' title='bbox 202 1235 327 1283; x_wconf 79' lang='lat' dir='ltr'>ret‚¹</span> <span class='ocrx_word' id='word_1_127' title='bbox 365 1229 455 1270; x_wconf 81' lang='lat' dir='ltr'>sive</span> <span class='ocrx_word' id='word_1_128' title='bbox 486 1229 539 1270; x_wconf 85' lang='lat' dir='ltr'>de</span> <span class='ocrx_word' id='word_1_129' title='bbox 569 1236 799 1269; x_wconf 77' lang='lat' dir='ltr'>aratorum</span> <span class='ocrx_word' id='word_1_130' title='bbox 819 1227 972 1282; x_wconf 82' lang='lat' dir='ltr'>bonis,</span> <span class='ocrx_word' id='word_1_131' title='bbox 1009 1226 1183 1268; x_wconf 84' lang='lat' dir='ltr'>sive-de</span> <span class='ocrx_word' id='word_1_132' title='bbox 1210 1227 1371 1283; x_wconf 78' lang='lat' dir='ltr'>populi</span> 
     </span>
     <span class='ocr_line' id='line_1_21' title="bbox 201 1278 1371 1340; baseline -0.003 -14"><span class='ocrx_word' id='word_1_133' title='bbox 201 1284 398 1326; x_wconf 81' lang='lat' dir='ltr'>Romani</span> <span class='ocrx_word' id='word_1_134' title='bbox 425 1284 715 1340; x_wconf 76' lang='lat' dir='ltr'>vectigalibus</span> <span class='ocrx_word' id='word_1_135' title='bbox 729 1278 752 1324; x_wconf 61' lang='grc' dir='ltr'>’Β</span> <span class='ocrx_word' id='word_1_136' title='bbox 786 1283 910 1328; x_wconf 82' lang='lat' dir='ltr'>Nam</span> <span class='ocrx_word' id='word_1_137' title='bbox 940 1283 977 1324; x_wconf 89' lang='lat' dir='ltr'>si</span> <span class='ocrx_word' id='word_1_138' title='bbox 1007 1290 1155 1340; x_wconf 86' lang='lat' dir='ltr'>potest</span> <span class='ocrx_word' id='word_1_139' title='bbox 1182 1282 1264 1324; x_wconf 84' lang='lat' dir='ltr'>ista</span> <span class='ocrx_word' id='word_1_140' title='bbox 1326 1297 1371 1324; x_wconf 90' lang='lat' dir='ltr'>e-</span> 
     </span>
     <span class='ocr_line' id='line_1_22' title="bbox 203 1337 1370 1394; baseline -0.001 -14"><span class='ocrx_word' id='word_1_141' title='bbox 203 1340 337 1381; x_wconf 76' lang='lat' dir='ltr'>cunia</span> <span class='ocrx_word' id='word_1_142' title='bbox 364 1339 458 1381; x_wconf 80' lang='lat' dir='ltr'>sine</span> <span class='ocrx_word' id='word_1_143' title='bbox 488 1347 715 1380; x_wconf 79' lang='lat' dir='ltr'>aratorum</span> <span class='ocrx_word' id='word_1_144' title='bbox 742 1338 910 1380; x_wconf 82' lang='lat' dir='ltr'>iniuria</span> <span class='ocrx_word' id='word_1_145' title='bbox 940 1337 1138 1380; x_wconf 81' lang='lat' dir='ltr'>detrahi:</span> <span class='ocrx_word' id='word_1_146' title='bbox 1172 1353 1299 1394; x_wconf 86' lang='lat' dir='ltr'>popu</span> <span class='ocrx_word' id='word_1_147' title='bbox 1320 1354 1370 1379; x_wconf 86' lang='lat' dir='ltr'>us</span> 
     </span>
     <span class='ocr_line' id='line_1_23' title="bbox 202 1393 1402 1452; baseline 0.001 -16"><span class='ocrx_word' id='word_1_148' title='bbox 202 1395 436 1437; x_wconf 80' lang='lat' dir='ltr'>Romanus</span> <span class='ocrx_word' id='word_1_149' title='bbox 462 1394 645 1448; x_wconf 80' lang='lat' dir='ltr'>habeat,</span> <span class='ocrx_word' id='word_1_150' title='bbox 690 1395 955 1452; x_wconf 83' lang='lat' dir='ltr'>praesertim</span> <span class='ocrx_word' id='word_1_151' title='bbox 980 1395 1029 1436; x_wconf 89' lang='lat' dir='ltr'>in</span> <span class='ocrx_word' id='word_1_152' title='bbox 1050 1393 1187 1436; x_wconf 84' lang='lat' dir='ltr'>tantis</span> <span class='ocrx_word' id='word_1_153' title='bbox 1208 1394 1370 1437; x_wconf 82' lang='lat' dir='ltr'>aerarii</span> <span class='ocrx_word' id='word_1_154' title='bbox 1382 1401 1402 1420; x_wconf 59' lang='lat'><em>³</em></span> 
     </span>
     <span class='ocr_line' id='line_1_24' title="bbox 204 1449 1371 1507; baseline 0.001 -16"><span class='ocrx_word' id='word_1_155' title='bbox 204 1451 458 1507; x_wconf 67' lang='lat' dir='ltr'>angustii53&#39;</span> <span class='ocrx_word' id='word_1_156' title='bbox 478 1451 546 1492; x_wconf 81' lang='lat' dir='ltr'>sin</span> <span class='ocrx_word' id='word_1_157' title='bbox 573 1458 724 1493; x_wconf 79' lang='lat' dir='ltr'>autem</span> <span class='ocrx_word' id='word_1_158' title='bbox 747 1458 791 1492; x_wconf 79' lang='lat' dir='ltr'>et</span> <span class='ocrx_word' id='word_1_159' title='bbox 816 1451 1010 1507; x_wconf 83' lang='lat' dir='ltr'>populus</span> <span class='ocrx_word' id='word_1_160' title='bbox 1043 1449 1091 1491; x_wconf 91' lang='lat' dir='ltr'>id</span> <span class='ocrx_word' id='word_1_161' title='bbox 1117 1449 1284 1505; x_wconf 78' lang='lat' dir='ltr'>voluit,</span> <span class='ocrx_word' id='word_1_162' title='bbox 1325 1458 1371 1492; x_wconf 86' lang='lat' dir='ltr'>et</span> 
     </span>
     <span class='ocr_line' id='line_1_25' title="bbox 200 1506 1370 1563; baseline 0 -15"><span class='ocrx_word' id='word_1_163' title='bbox 200 1521 397 1563; x_wconf 80' lang='lat' dir='ltr'>aequum</span> <span class='ocrx_word' id='word_1_164' title='bbox 423 1507 485 1548; x_wconf 82' lang='lat' dir='ltr'>ita</span> <span class='ocrx_word' id='word_1_165' title='bbox 513 1514 601 1561; x_wconf 86' lang='lat' dir='ltr'>est,</span> <span class='ocrx_word' id='word_1_166' title='bbox 641 1506 753 1549; x_wconf 80' lang='lat' dir='ltr'>solvi</span> <span class='ocrx_word' id='word_1_167' title='bbox 781 1506 1074 1548; x_wconf 49' lang='lat' dir='ltr'>aratoribus?</span> <span class='ocrx_word' id='word_1_168' title='bbox 1101 1514 1206 1547; x_wconf 85' lang='lat' dir='ltr'>tuus</span> <span class='ocrx_word' id='word_1_169' title='bbox 1233 1520 1370 1562; x_wconf 84' lang='lat' dir='ltr'><strong>appa·</strong></span> 
     </span>
     <span class='ocr_line' id='line_1_26' title="bbox 200 1561 1370 1619; baseline -0.001 -15"><span class='ocrx_word' id='word_1_170' title='bbox 200 1563 318 1605; x_wconf 81' lang='lat' dir='ltr'>ritor</span> <span class='ocrx_word' id='word_1_171' title='bbox 334 1576 474 1617; x_wconf 80' lang='lat' dir='ltr'>parva</span> <span class='ocrx_word' id='word_1_172' title='bbox 490 1562 697 1604; x_wconf 85' lang='lat' dir='ltr'>mercede</span> <span class='ocrx_word' id='word_1_173' title='bbox 716 1562 875 1619; x_wconf 83' lang='lat' dir='ltr'>populi</span> <span class='ocrx_word' id='word_1_174' title='bbox 899 1563 1146 1604; x_wconf 86' lang='lat' dir='ltr'>conductus</span> <span class='ocrx_word' id='word_1_175' title='bbox 1158 1594 1170 1617; x_wconf 90' lang='lat'>,</span> <span class='ocrx_word' id='word_1_176' title='bbox 1197 1561 1252 1603; x_wconf 91' lang='lat' dir='ltr'>de</span> <span class='ocrx_word' id='word_1_177' title='bbox 1271 1577 1370 1603; x_wconf 82' lang='lat' dir='ltr'>ara·</span> 
     </span>
     <span class='ocr_line' id='line_1_27' title="bbox 202 1612 1372 1674; baseline -0.002 -14"><span class='ocrx_word' id='word_1_178' title='bbox 202 1625 358 1662; x_wconf 83' lang='lat' dir='ltr'>torum</span> <span class='ocrx_word' id='word_1_179' title='bbox 380 1618 508 1660; x_wconf 88' lang='lat' dir='ltr'>bonis</span> <span class='ocrx_word' id='word_1_180' title='bbox 527 1612 851 1674; x_wconf 77' lang='lat' dir='ltr'>praedabitur?</span> <span class='ocrx_word' id='word_1_181' title='bbox 882 1626 925 1660; x_wconf 85' lang='lat' dir='ltr'>et</span> <span class='ocrx_word' id='word_1_182' title='bbox 942 1618 990 1660; x_wconf 91' lang='lat' dir='ltr'>in</span> <span class='ocrx_word' id='word_1_183' title='bbox 1005 1618 1089 1660; x_wconf 83' lang='lat' dir='ltr'>hac</span> <span class='ocrx_word' id='word_1_184' title='bbox 1110 1632 1240 1660; x_wconf 85' lang='lat' dir='ltr'>causa</span> <span class='ocrx_word' id='word_1_185' title='bbox 1262 1618 1372 1660; x_wconf 86' lang='lat' dir='ltr'>scri-</span> 
     </span>
     <span class='ocr_line' id='line_1_28' title="bbox 204 1668 1370 1717; baseline 0.001 -3"><span class='ocrx_word' id='word_1_186' title='bbox 204 1674 602 1716; x_wconf 13' lang='lat' dir='ltr'>barmnoordinem</span> <span class='ocrx_word' id='word_1_187' title='bbox 626 1675 674 1716; x_wconf 85' lang='lat' dir='ltr'>in</span> <span class='ocrx_word' id='word_1_188' title='bbox 700 1689 773 1716; x_wconf 90' lang='lat' dir='ltr'>me</span> <span class='ocrx_word' id='word_1_189' title='bbox 804 1674 1048 1716; x_wconf 82' lang='lat' dir='ltr'>concitabit</span> <span class='ocrx_word' id='word_1_190' title='bbox 1064 1668 1370 1717; x_wconf 75' lang='lat' dir='ltr'>Hortensius?</span> 
     </span>
     <span class='ocr_line' id='line_1_29' title="bbox 203 1729 1372 1787; baseline 0.001 -16"><span class='ocrx_word' id='word_1_191' title='bbox 203 1737 250 1771; x_wconf 87' lang='lat' dir='ltr'>et</span> <span class='ocrx_word' id='word_1_192' title='bbox 266 1744 421 1772; x_wconf 83' lang='lat' dir='ltr'>eorum</span> <span class='ocrx_word' id='word_1_193' title='bbox 443 1730 679 1772; x_wconf 78' lang='lat' dir='ltr'>commoda</span> <span class='ocrx_word' id='word_1_194' title='bbox 700 1746 724 1772; x_wconf 81' lang='lat' dir='ltr'>a</span> <span class='ocrx_word' id='word_1_195' title='bbox 741 1745 814 1772; x_wconf 88' lang='lat' dir='ltr'>me</span> <span class='ocrx_word' id='word_1_196' title='bbox 833 1729 1108 1784; x_wconf 81' lang='lat' dir='ltr'>labefactari,</span> <span class='ocrx_word' id='word_1_197' title='bbox 1136 1737 1267 1787; x_wconf 82' lang='lat' dir='ltr'>atque</span> <span class='ocrx_word' id='word_1_198' title='bbox 1289 1745 1372 1784; x_wconf 81' lang='lat' dir='ltr'>op-</span> 
     </span>
     <span class='ocr_line' id='line_1_30' title="bbox 204 1781 1372 1842; baseline -0.001 -15"><span class='ocrx_word' id='word_1_199' title='bbox 204 1786 399 1842; x_wconf 83' lang='lat' dir='ltr'>pugnari</span> <span class='ocrx_word' id='word_1_200' title='bbox 425 1786 561 1827; x_wconf 81' lang='lat' dir='ltr'>iura2</span> <span class='ocrx_word' id='word_1_201' title='bbox 617 1781 767 1828; x_wconf 75' lang='lat' dir='ltr'>dicet?</span> <span class='ocrx_word' id='word_1_202' title='bbox 813 1787 938 1842; x_wconf 84' lang='lat' dir='ltr'>quasi</span> <span class='ocrx_word' id='word_1_203' title='bbox 966 1801 1072 1828; x_wconf 86' lang='lat' dir='ltr'>vero</span> <span class='ocrx_word' id='word_1_204' title='bbox 1100 1785 1186 1828; x_wconf 88' lang='lat' dir='ltr'>hoc</span> <span class='ocrx_word' id='word_1_205' title='bbox 1214 1785 1372 1828; x_wconf 86' lang='lat' dir='ltr'>scribis</span> 
     </span>
     <span class='ocr_line' id='line_1_31' title="bbox 202 1842 1228 1899; baseline -0.001 -17"><span class='ocrx_word' id='word_1_206' title='bbox 202 1842 296 1883; x_wconf 85' lang='lat' dir='ltr'>ullo</span> <span class='ocrx_word' id='word_1_207' title='bbox 317 1842 527 1899; x_wconf 85' lang='lat' dir='ltr'>exemplo</span> <span class='ocrx_word' id='word_1_208' title='bbox 549 1843 606 1885; x_wconf 89' lang='lat' dir='ltr'>sit</span> <span class='ocrx_word' id='word_1_209' title='bbox 624 1849 700 1884; x_wconf 76' lang='lat' dir='ltr'>aut</span> <span class='ocrx_word' id='word_1_210' title='bbox 724 1842 820 1884; x_wconf 76' lang='lat' dir='ltr'>ullo</span> <span class='ocrx_word' id='word_1_211' title='bbox 838 1842 936 1886; x_wconf 87' lang='lat' dir='ltr'>iure</span> <span class='ocrx_word' id='word_1_212' title='bbox 956 1856 1228 1889; x_wconf 85' lang='lat' dir='ltr'>concessum.</span> 
     </span>
    </p>
   </div>
   <div class='ocr_carea' id='block_1_3' title="bbox 197 1999 1370 2232">
    <p class='ocr_par' dir='ltr' id='par_1_3' title="bbox 201 1999 1370 2083">
     <span class='ocr_line' id='line_1_32' title="bbox 249 1999 1370 2048; baseline -0.002 -12"><span class='ocrx_word' id='word_1_213' title='bbox 249 2007 283 2044; x_wconf 84' lang='grc' dir='ltr'>ι)</span> <span class='ocrx_word' id='word_1_214' title='bbox 309 2001 396 2037; x_wconf 84' lang='lat' dir='ltr'>cod.</span> <span class='ocrx_word' id='word_1_215' title='bbox 419 2002 552 2037; x_wconf 72' lang='lat' dir='ltr'><em>Nam.</em></span> <span class='ocrx_word' id='word_1_216' title='bbox 575 2010 756 2038; x_wconf 79' lang='lat' dir='ltr'>averreret</span> <span class='ocrx_word' id='word_1_217' title='bbox 780 2003 925 2037; x_wconf 81' lang='lat' dir='ltr'>Graev.</span> <span class='ocrx_word' id='word_1_218' title='bbox 952 2001 1101 2039; x_wconf 77' lang='lat' dir='ltr'>Gruter.</span> <span class='ocrx_word' id='word_1_219' title='bbox 1133 1999 1206 2048; x_wconf 65' lang='lat' dir='ltr'>alii</span> <span class='ocrx_word' id='word_1_220' title='bbox 1225 2011 1370 2046; x_wconf 73' lang='lat' dir='ltr'>recepe·</span> 
     </span>
     <span class='ocr_line' id='line_1_33' title="bbox 201 2046 1122 2083; baseline 0 -2"><span class='ocrx_word' id='word_1_221' title='bbox 201 2059 301 2083; x_wconf 78' lang='lat' dir='ltr'>runc·</span> <span class='ocrx_word' id='word_1_222' title='bbox 350 2048 486 2082; x_wconf 84' lang='lat' dir='ltr'><strong><em>Lamb.</em></strong></span> <span class='ocrx_word' id='word_1_223' title='bbox 509 2049 611 2081; x_wconf 82' lang='lat' dir='ltr'><em>Lall.</em></span> <span class='ocrx_word' id='word_1_224' title='bbox 638 2058 828 2082; x_wconf 80' lang='lat' dir='ltr'>averteret.</span> <span class='ocrx_word' id='word_1_225' title='bbox 991 2072 995 2076; x_wconf 88' lang='lat'><em>-</em></span> <span class='ocrx_word' id='word_1_226' title='bbox 1119 2046 1122 2052; x_wconf 70' lang='grc'><strong>’</strong></span> 
     </span>
    </p>

    <p class='ocr_par' dir='ltr' id='par_1_4' title="bbox 197 2091 1369 2232">
     <span class='ocr_line' id='line_1_34' title="bbox 232 2091 1368 2140; baseline -0.003 -13"><span class='ocrx_word' id='word_1_227' title='bbox 232 2095 424 2140; x_wconf 56' lang='grc' dir='ltr'>’2)’Ῑίιίὃη</span> <span class='ocrx_word' id='word_1_228' title='bbox 453 2105 501 2140; x_wconf 86' lang='lat' dir='ltr'>op</span> <span class='ocrx_word' id='word_1_229' title='bbox 533 2093 660 2140; x_wconf 72' lang='lat' dir='ltr'>agnati</span> <span class='ocrx_word' id='word_1_230' title='bbox 690 2093 835 2128; x_wconf 79' lang='lat' dir='ltr'>iniuria.</span> <span class='ocrx_word' id='word_1_231' title='bbox 884 2093 960 2128; x_wconf 84' lang='lat' dir='ltr'>Sed</span> <span class='ocrx_word' id='word_1_232' title='bbox 981 2093 1059 2127; x_wconf 84' lang='lat' dir='ltr'>iura</span> <span class='ocrx_word' id='word_1_233' title='bbox 1088 2105 1108 2125; x_wconf 82' lang='lat' dir='ltr'>e</span> <span class='ocrx_word' id='word_1_234' title='bbox 1130 2091 1215 2126; x_wconf 86' lang='lat' dir='ltr'>cod.</span> <span class='ocrx_word' id='word_1_235' title='bbox 1237 2092 1368 2126; x_wconf 81' lang='lat' dir='ltr'>Narm.</span> 
     </span>
     <span class='ocr_line' id='line_1_35' title="bbox 200 2106 1369 2187; baseline -0.003 -14"><span class='ocrx_word' id='word_1_236' title='bbox 200 2148 484 2186; x_wconf 76' lang='lat' dir='ltr'>assumpserunt</span> <span class='ocrx_word' id='word_1_237' title='bbox 500 2106 635 2173; x_wconf 56' lang='lat' dir='ltr'><em>Eamb.</em></span> <span class='ocrx_word' id='word_1_238' title='bbox 663 2140 703 2174; x_wconf 87' lang='lat' dir='ltr'>C.</span> <span class='ocrx_word' id='word_1_239' title='bbox 730 2139 859 2187; x_wconf 78' lang='lat' dir='ltr'>Steph.</span> <span class='ocrx_word' id='word_1_240' title='bbox 875 2140 1021 2176; x_wconf 76' lang='lat' dir='ltr'>Graev.</span> <span class='ocrx_word' id='word_1_241' title='bbox 1042 2138 1134 2174; x_wconf 82' lang='lat' dir='ltr'>Em.</span> <span class='ocrx_word' id='word_1_242' title='bbox 1157 2139 1222 2186; x_wconf 81' lang='lat' dir='ltr'>qui</span> <span class='ocrx_word' id='word_1_243' title='bbox 1241 2147 1369 2174; x_wconf 78' lang='lat' dir='ltr'>eumen</span> 
     </span>
     <span class='ocr_line' id='line_1_36' title="bbox 197 2185 1127 2232; baseline -0.002 -12"><span class='ocrx_word' id='word_1_244' title='bbox 197 2195 394 2232; x_wconf 72' lang='lat' dir='ltr'>utrumque</span> <span class='ocrx_word' id='word_1_245' title='bbox 417 2187 559 2224; x_wconf 72' lang='lat' dir='ltr'>maluit</span> <span class='ocrx_word' id='word_1_246' title='bbox 580 2185 729 2221; x_wconf 56' lang='lat' dir='ltr'>abes-se.</span> <span class='ocrx_word' id='word_1_247' title='bbox 1091 2211 1094 2213; x_wconf 21' lang='grc' dir='ltr'><strong>Α</strong></span> <span class='ocrx_word' id='word_1_248' title='bbox 1123 2190 1127 2193; x_wconf 89' lang='grc'><strong>’</strong></span> 
     </span>
    </p>
   </div>
  </div>
 </body>
</html>
