1416 2480
336 144 480 183 unm
506 144 735 185 rrimus,
786 145 890 183 cn.
917 151 976 197 ⁵7·
1186 156 1236 192 99

64 247 299 298 quaestum
345 246 390 281 et
436 239 490 281 ad
534 238 747 296 praedam
794 247 920 281 tuam
965 240 1228 297 pertineret.

63 290 222 349 Quid?
255 295 363 339 illud
396 304 682 353 perpeterere
696 291 719 337 ¹?
758 296 999 350 attendite,
1034 296 1228 352 iudices3

63 352 270 396 omuibus
307 352 427 394 enim
471 353 620 393 nervis
663 351 775 393 mihi
814 352 1179 396 contendendum
1202 359 1223 384 ¹

61 418 152 465 ost,
189 415 320 466 atque
346 408 394 450 in
420 408 505 450 hoc
540 407 858 464 laborandum,
908 416 956 450 ut
984 423 1138 451 omnes
1160 410 1228 453 in·

61 465 288 521 telligant,
318 479 449 521 quam
469 464 746 520 improbam,
778 480 910 521 quam
927 464 1228 524 manifestam,

61 536 198 578 quam
224 522 508 565 coutessmu2
554 535 651 561 rem
682 521 872 577 pecunia
903 522 1126 564 redimere
1154 538 1228 566 co-

60 578 239 620 nentur.
254 581 271 610 3
325 577 474 623 Grave
495 577 668 618 crimen
688 585 751 617 est.
776 577 875 632 hoc,
903 584 948 618 et
968 576 1227 636 vehemens,

62 641 110 676 et
133 641 236 691 post
272 633 509 675 hominum
544 632 834 689 memoriam,
881 632 1133 697 iudiciaque
1170 637 1226 678 de

58 689 265 748 pecuniis
294 689 556 745 repetundis
583 689 856 744 constituta,
895 689 1227 748 gravissunum,

56 753 318 803 ,praetorem
380 745 503 801 epuli
527 745 720 787 Romani
750 747 892 788 socios
927 745 1130 788 habuisse
1151 748 1227 790 de-

60 816 290 845 cumanos.
399 817 457 843 on
485 801 571 843 hoc
599 816 719 842 nunc
748 801 947 857 primum
975 802 1101 843 audit
1135 805 1228 863 pri-

59 866 189 901 vatus
216 859 270 900 de
297 857 505 911 inimico,
551 871 655 899 reus
689 856 744 898 ab
773 865 1045 900 accusatore.
1131 860 1228 903 lam

62 922 195 956 antea
222 914 269 955 in
296 914 403 956 sella
433 914 592 956 sedens
619 920 827 970 praetor,
876 929 1016 970 quum
1041 916 1227 971 provin-

60 971 179 1012 ciam
208 969 409 1012 Siciliam
446 968 703 1024 obtineret,
748 985 888 1026 quum
921 970 976 1012 ab
1019 971 1229 1015 omnibus

60 1041 156 1069 non
184 1026 329 1068 solum
361 1024 431 1085 (id
459 1026 580 1082 quod
611 1040 851 1068 commune
881 1025 997 1086 est‚)
1041 1036 1230 1086 propter

60 1082 329 1139 imperium,
375 1082 451 1124 sed
480 1082 616 1124 etiam
654 1079 726 1139 (id
754 1083 874 1138 quod
900 1083 1028 1124 istius
1056 1085 1230 1140 praeci-

61 1152 208 1196 puum
236 1137 353 1198 est‚)
387 1145 576 1194 propter
594 1138 906 1181 crudelitatem
934 1146 1231 1196 metueretur,

60 1193 224 1237 millies
251 1195 443 1249 audivit,
484 1208 626 1250 quum
644 1194 736 1236 eius
764 1195 967 1237 animum
994 1195 1051 1237 ad
1112 1210 1231 1238 erse-

60 1249 294 1307 quendum
322 1265 416 1293 non
443 1250 720 1306 negligentia
748 1251 971 1304 tardaret,
1020 1266 1064 1293 se
1124 1267 1232 1295 con-

61 1306 248 1352 scientia
283 1306 463 1349 sceleris
493 1306 792 1363 avaritiaeque
823 1322 928 1349 suae
968 1306 1233 1351 refrenaret.

62 1361 392 1420 Loquebantur
417 1363 537 1405 enim
562 1363 799 1406 decumani
824 1364 1001 1420 palam,
1039 1371 1084 1406 et
1101 1380 1234 1422 prae-

61 1428 136 1462 ter
162 1425 336 1462 eeteros
365 1420 426 1476 is,
465 1419 544 1476 qui
563 1419 682 1476 apud
700 1419 838 1461 istum
868 1420 1120 1476 plurimum
1155 1437 1235 1473 po-

59 1483 204 1531 terat,
231 1475 545 1532 maximosque
572 1490 703 1532 agros
730 1475 1057 1532 populabatur,
1084 1474 1236 1534 Ap‘ro-

61 1532 190 1575 nius:
223 1547 503 1589 perparvum
525 1547 583 1574 ex
610 1531 696 1573 illis
716 1532 890 1588 magnis
908 1531 1047 1574 lucris
1066 1533 1123 1575 ad
1141 1549 1236 1576 sese

62 1589 326 1646 pervenire3
353 1596 612 1646 praetorem
632 1603 723 1630 esse
743 1589 929 1630 socium.
970 1588 1073 1631 Hoc
1094 1604 1236 1646 quum

62 1643 217 1702 palam
242 1643 480 1687 decumani
516 1652 611 1687 tota
644 1644 881 1700 provincia
915 1643 1237 1702 loquerentur,

63 1707 283 1756 tuumque
320 1715 490 1743 nomen
527 1701 575 1742 in
603 1715 652 1742 re
694 1708 786 1742 tam
819 1701 945 1757 turpi
975 1701 1237 1758 nefariaque

62 1755 429 1820 interponerent:
473 1755 647 1798 nihilne
677 1756 759 1798 tibi
794 1757 918 1799 venit
953 1757 1002 1798 in
1035 1766 1237 1800 mentem

64 1811 391 1854 existimationi
431 1820 533 1854 tuae
571 1806 848 1855 consulere?
903 1812 1019 1855 nihil
1045 1813 1239 1870 denique

67 1867 206 1931 capiti
223 1883 274 1910 ac
294 1867 492 1910 fortunis
508 1867 596 1910 tuis
611 1862 884 1922 providere?
913 1883 1054 1924 quum
1069 1870 1137 1912 tui
1157 1886 1238 1913 no-

68 1924 202 1972 ,mmis
237 1933 388 1966 terror
422 1923 470 1967 in
507 1924 690 1965 auribus
727 1924 972 1980 animisque
1006 1935 1239 1969 aratorum

66 1988 348 2036 remorata-3
382 1994 524 2037 quum
554 1980 790 2023 decumani
811 1980 1060 2025 aratoribus
1087 1982 1144 2025 ad
1160 1997 1243 2040 paq

118 2130 157 2169 ι)
181 2126 449 2164 connitendum
483 2131 635 2164 Gruter.
665 2142 685 2164 e
715 2128 799 2164 cod.
830 2129 966 2166 Narm-

115 2178 154 2214 2)
180 2173 384 2221 profectam
409 2174 494 2214 cod,
516 2176 654 2212 Franc.
684 2174 787 2222 quod
803 2177 987 2223 placebat
1011 2177 1196 2214 Grac-vio,

115 2223 157 2267 3)
185 2219 362 2257 Lambtn.
390 2231 560 2259 conetur.
