1431 2481
216 224 348 274 sunt,
393 219 560 267 ducere
596 230 766 291 solent,
803 246 848 280 et
874 248 1219 307 unumquidque
1247 262 1396 305 osten?

216 270 348 338 dere,
396 292 507 334 quos
537 283 606 326 1lli
644 301 934 353 mystagogos
971 314 1156 362 vocant,
1203 316 1392 356 conve}-

211 341 309 369 sam
329 347 420 374 iam
439 336 610 383 habent
627 343 1060 401 demonstrationem
1080 377 1221 407 suam.
1251 366 1393 427 Nam,

210 391 265 424 ut
283 395 388 431 ante
408 391 805 460 demonstrabant,
846 412 952 465 quid
971 415 1139 474 ubique
1164 431 1295 466 esset:
1324 425 1388 469 ita

208 453 357 498 nunc,
406 450 513 503 quid
542 455 742 513 undique
769 463 970 513 ablatum
998 472 1079 530 sit,
1128 481 1389 525 ostendunt*

206 495 371 547 Quid?
408 507 686 555 mediocrine
715 523 814 560 tum
844 520 998 570 dolore
1021 533 1042 558 ¹
1089 547 1164 575 eos
1199 536 1385 581 affectos

204 565 301 595 esse
329 559 650 610 arbitramini?
687 571 796 616 Non
823 577 885 619 ita
915 591 1005 639 est,
1048 587 1244 648 iudices;
1288 595 1384 651 pri·

202 621 332 653 mum
345 646 358 669 ,
387 620 507 672 quod
527 636 683 668 omnes
703 630 922 687 religione
942 653 1206 703 moventurj,
1243 659 1286 692 et
1307 651 1385 693 de-

205 678 256 706 os
282 673 453 724 patrios
473 708 486 730 ,
554 680 664 735 quos
699 699 723 725 a
762 690 1009 738 maioribus
1035 715 1331 763 acceperunt,
1353 711 1380 737 ²

201 722 416 771 colendos
447 732 531 775 sffli
559 737 801 795 diligenter
833 755 877 788 et
903 753 1164 801 retinendos
1193 776 1285 804 esse
1307 779 1380 806 ar-

198 775 454 842 bitrantur3
491 789 653 836 deinde
674 795 748 839 hic
777 813 986 864 ornatus,
1024 810 1135 856 haec
1155 831 1182 858 o
1217 833 1292 861 era
1311 828 1379 862 at-

199 846 286 888 que
313 841 528 900 artificia,
567 850 718 908 signa,
757 859 937 904 tabulae
963 867 1135 926 pictae,
1175 832 1374 918 (graecos

194 887 405 939 homines
429 902 572 946 nimio
595 922 732 960 opere
753 914 993 963 delectant.
1035 925 1206 984 'Itaque
1235 945 1294 972 ex
1317 932 1374 974 il-

189 944 348 993 lorum
376 960 670 1010 querimoniis
690 966 943 1028 intelligere
963 993 1230 1043 possumus,
1259 986 1370 1030 haec

189 1000 280 1046 illis
311 1012 596 1060 acerbissima
617 1021 782 1081 videri,
815 1044 927 1084 quae
950 1035 1141 1081 forsitan
1159 1042 1287 1084 nobis
1305 1044 1372 1086 le-

189 1059 266 1103 via
293 1071 338 1105 et
357 1077 687 1119 contemnenda
708 1096 800 1124 esse
822 1086 1074 1135 videantur.
1131 1097 1252 1140 Mihi
1271 1114 1370 1143 cre-

190 1113 310 1175 dite,
354 1121 549 1185 iudices,
599 1131 793 1190 (tametsi
826 1149 1123 1206 vosmetipsos
1156 1154 1265 1196 haee
1295 1172 1368 1198 ea-

187 1169 291 1215 dem
320 1180 477 1224 audire
504 1197 627 1230 certo
655 1193 802 1254 sc1‘0,)
831 1213 973 1253 quum
990 1207 1155 1250 multas
1181 1225 1366 1269 accepe-

182 1227 281 1271 rint
304 1248 388 1289 per
415 1237 549 1283 hosce
569 1259 710 1289 annos
737 1254 845 1294 socii
865 1265 995 1313 atque
1016 1271 1197 1307 exterae
1216 1268 1364 1311 natio-

182 1298 263 1326 nes
291 1290 567 1340 calamitates
594 1310 638 1342 et
668 1303 878 1351 iniurias:
916 1317 1064 1359 nullas
1085 1320 1250 1364 Graeci
1277 1324 1362 1367 ho-

180 1341 327 1387 mines
348 1352 529 1403 gravius
547 1356 776 1417 tulerunt,
806 1381 889 1408 nec
910 1369 1089 1430 ferunt,
1120 1393 1255 1433 quam
1275 1379 1360 1423 hu-

176 1395 430 1448 iuscemodi
465 1412 758 1466 spoliationes
793 1420 1010 1470 fanorum
1054 1439 1188 1490 atque
1227 1438 1359 1495 oppi-

183 1583 188 1585 ·
288 1570 396 1615 LX.
422 1575 556 1622 Licet
582 1582 665 1627 iste
693 1587 813 1632 dicat
835 1594 994 1639 emisse
1021 1614 1091 1656 se,
1126 1601 1259 1648 sicuti
1279 1623 1351 1650 so-

170 1620 237 1665 let
264 1626 440 1674 dicere:
486 1639 653 1682 credite
684 1643 771 1686 hoc
799 1650 935 1706 mihi,
983 1655 1176 1701 iudices:
1222 1664 1350 1708 nulla

170 1692 391 1739 umqum
418 1690 574 1735 civitas
601 1704 696 1741 tota
721 1702 830 1745 Asia
850 1714 893 1748 et
915 1708 1129 1770 Graecia,
1165 1717 1347 1774 signum

167 1736 341 1797 ullum,
377 1745 552 1790 ullam3
592 1755 794 1800 tabulam
821 1763 1015 1822 pictam,
1053 1770 1199 1815 ullum
1221 1775 1346 1818 deni-

167 1806 255 1847 que
276 1811 597 1850 ornamentum
616 1812 755 1872 urbis,
783 1832 862 1861 sua
883 1822 1114 1869 voluntate
1133 1830 1341 1887 cuiquam

164 1897 478 1926 *uu—-

210 1983 248 2020 1)
278 1979 404 2030 Vulgo
423 1987 513 2034 quid
534 1992 637 2031 tum?
660 1998 894 2038 mediocrine
918 2007 1068 2044 tandem
1089 2010 1222 2048 dolore
1240 2014 1337 2050 Par·

163 2025 306 2061 ticulas
338 2029 428 2077 quid
455 2043 532 2070 tum
564 2039 628 2074 hic
656 2045 810 2080 alienas
840 2062 917 2086 esse
950 2054 1172 2092 vidie‘Em.

205 2072 248 2118 2)
280 2074 409 2110 Verba
447 2093 538 2128 quoe
581 2099 600 2119 a
637 2090 834 2127 maioribus
874 2108 1098 2147 acceperunt
1123 2105 1336 2151 glossatori

162 2118 298 2153 tribuit
319 2121 415 2164 Em,
449 2130 510 2161 cui
527 2140 731 2170 assentior.

202 2171 240 2207 3)
270 2165 383 2203 ullam
420 2174 524 2216 quod
552 2183 590 2220 in
625 2183 741 2225 οοιὶιίρ
784 2187 892 2230 abest
925 2202 1027 2229 recte
1060 2195 1207 2235 adiecit
1235 2199 1330 2237 Em.

159 2221 317 2247 auctore
338 2216 545 2256 Gulielmo.
