1420 2491
181 143 228 185 4ο
317 138 375 177 m
399 139 608 177 VERREM
652 141 767 178 ACT.
793 143 844 178 11.
889 142 1034 179 LIBER
1054 141 1257 180 PRIMUS.

182 237 395 275 nationem
432 237 476 275 in
507 238 553 284 Q.
583 237 836 285 Caecilium,
904 239 1125 278 secundam
1161 239 1350 280 Actionis

184 292 344 345 primae
375 294 647 345 prooemium.
724 294 866 333 Cicero
896 302 1033 335 tamen
1064 296 1153 348 ipse
1178 309 1350 339 accusa-

183 348 311 386 tionis
347 349 393 387 in
422 348 593 387 Verrem
628 351 809 401 quinque
847 352 974 390 libros
1004 351 1198 390 numer'at
1233 351 1351 391 Orat.
1404 391 1406 393 .

187 417 220 442 c.
233 417 306 457 :²9-
374 403 484 443 Idem
504 405 666 444 faciunt
690 407 762 445 alii
781 414 939 446 veteres
952 439 961 455 ‚
997 414 1045 446 ut
1064 407 1366 454 Quintilianus

185 459 255 499 XI.
279 473 340 500 11.
400 460 557 500 Gellius
584 461 702 500 Noct.
729 463 811 501 Att.
832 462 861 501 1.
885 477 920 513 7.
940 463 1046 502 XIII.
1075 463 1136 502 13.
1194 465 1350 504 Auctor

186 515 338 568 dialogi
361 517 411 555 de
431 519 664 557 oratoribus
683 532 769 571 cap.
790 531 856 559 20.
879 519 1008 558 Iulius
1028 519 1277 559 Rufinianus
1299 519 1352 567 de

185 570 330 624 figuris
350 580 452 612 sent.
474 588 507 612 c.
526 587 594 614 20.

301 651 386 698 Iam
413 654 458 692 in
487 654 622 706 primo
654 654 828 693 actionis
857 655 1062 694 secundae
1103 652 1250 706 (quam
1281 653 1352 694 Ci-

188 721 284 747 cero
314 709 496 748 habitam
525 723 609 748 esse
635 708 777 762 fingit)
815 712 922 749 fibro
941 726 987 750 ea
1006 711 1147 749 Verris
1176 711 1353 750 crimina

186 772 517 818 pertractantur,
558 779 660 818 quae
691 768 907 805 commissa
935 773 1033 806 sunt
1059 773 1154 806 ante
1181 774 1353 819 praetu-

187 832 279 869 ram
308 821 578 860 Siciliensem.

304 909 352 949 In
388 911 559 949 exordio
589 909 731 948 Cicero
774 912 1027 950 montionem
1058 911 1160 950 facit
1188 911 1357 962 opinio·-⁵

191 966 278 1015 nis,
316 981 418 1016 quae
446 980 520 1018 per
540 967 614 1004 hos
636 966 721 1004 dies
743 980 930 1005 sermone
949 968 1063 1019 vulgi
1081 968 1357 1019 percrebrue-

190 1023 268 1062 rit:
306 1023 477 1060 Verrem
498 1023 628 1060 altera
647 1024 808 1062 actione
835 1037 1130 1075 responsurum
1148 1037 1233 1060 non
1256 1036 1365 1075 esse,-

191 1092 326 1129 neque
355 1079 405 1116 ad
424 1079 625 1118 iudicium
651 1079 897 1127 affuturum3
937 1086 1117 1117 attamen
1136 1092 1229 1116 eum
1252 1077 1360 1117 adeo‘

190 1135 476 1186 impudentem
507 1148 613 1181 esse,
653 1141 701 1171 ut
721 1142 883 1186 praesto
911 1138 985 1183 sit,
1023 1135 1076 1173 ad
1100 1135 1357 1172 audiendum

192 1197 234 1230 et
263 1191 594 1242 respondendum
622 1197 802 1242 paratus.
871 1190 959 1228 Hoc
988 1190 1131 1229 Cicero
1163 1196 1285 1241 negat
1311 1203 1354 1228 se

192 1248 364 1286 moleste
386 1247 516 1294 serre,
565 1248 661 1296 quia
688 1248 747 1285 sic
773 1248 859 1299 ipse
886 1247 1037 1286 lab-oris
1065 1246 1150 1293 sui,
1196 1246 1356 1284 iudices

191 1304 363 1343 ‘virtutis
383 1310 424 1340 et
436 1303 666 1341 severitatis
686 1304 883 1342 maiorem
907 1304 1090 1341 fructum
1111 1302 1237 1339 laturi
1258 1303 1357 1342 sint.

194 1359 247 1398 Se
277 1360 386 1398 enim
406 1360 619 1397 accessisse
640 1360 692 1397 ad
711 1360 911 1398 invidiam
931 1359 1184 1398 iudiciorum
1209 1359 1357 1397 levan-

193 1417 311 1462 dam3
347 1415 523 1466 ideoque
541 1429 658 1453 reum
687 1416 1023 1454 nocentissimum
1039 1428 1252 1462 accusare,
1283 1413 1358 1465 qui

194 1474 230 1512 si
269 1472 527 1519 absolvatur,
573 1473 756 1510 recusari
784 1487 868 1510 nnn
902 1485 1020 1524 posse
1049 1471 1099 1510 de
1137 1470 1302 1509 iudiciis
1332 1484 1358 1508 a

193 1535 340 1567 senatu
368 1528 421 1565 ad
446 1528 574 1566 alium
604 1529 791 1566 ordinem
811 1528 1121 1567 transferendis.
1178 1526 1366 1565 Absolu-

193 1586 351 1623 tionem
379 1598 478 1623 vero
507 1585 593 1622 eius
621 1599 698 1623 nec
726 1586 862 1636 ipsum
887 1598 1071 1635 sperare,
1117 1596 1194 1622 nee
1212 1596 1359 1635 *popu-

191 1641 281 1682 lum
311 1641 542 1679 Romanum
570 1648 775 1688 metuere3
819 1655 905 1679 esse
939 1647 1071 1678 tamen
1102 1639 1173 1691 qui
1200 1639 1251 1678 de
1276 1639 1358 1676 im-

191 1697 393 1750 pudentia
410 1697 519 1744 eim,
544 1698 655 1748 quod
676 1697 798 1745 adsit,
839 1689 949 1749 quod
975 1695 1241 1748 respondeat,
1278 1695 1360 1732 mi-

191 1760 352 1792 rentur.
411 1752 498 1791 Hoc
524 1760 660 1792 autem
688 1754 796 1800 fieri,
834 1754 944 1804 quod
968 1753 1169 1790 scelerum
1187 1764 1359 1790 suorum

191 1811 338 1863 poenis
366 1810 564 1861 agitetur,
609 1816 650 1847 et
675 1825 698 1849 a
727 1817 863 1847 mente
893 1809 1149 1858 consilioque
1179 1808 1360 1849 ‹ledaea-

192 1871 264 1904 tur
294 1880 326 1903 c.
353 1865 488 1904 1-3.
554 1867 715 1904 Etenim
744 1867 779 1903 si
807 1867 876 1903 vel
908 1879 962 1903 ex
986 1865 1064 1903 hoc
1097 1864 1253 1903 iudicio
1289 1876 1360 1902 re·-

193 1921 475 1974 petundarum
510 1923 725 1962 emerserit
744 1952 753 1969 ‚
808 1923 889 1960 alia
927 1928 1065 1961 tamen
1101 1921 1140 1959 ei
1173 1919 1360 1972 pericula

193 1977 458 2028 impendere,
499 1993 626 2029 quum
653 1979 887 2030 peculatus,
937 1984 1009 2016 aut
1034 1977 1258 2016 maiestatis
1289 1989 1360 2014 ao-

193 2040 358 2072 cusatus
385 2034 514 2073 fuerit
535 2049 567 2074 c.
588 2039 624 2073 ἐι.
647 2036 682 2073 5.
741 2036 847 2073 Tum
866 2034 1040 2086 exponit
1067 2040 1230 2081 orator,
1259 2031 1361 2084 quid
1407 2059 1413 2062 -

191 2088 329 2127 adhuc
357 2090 402 2128 in
430 2092 660 2130 accusando
679 2091 808 2130 Verre
837 2090 986 2142 egerit,
1026 2090 1126 2140 quid
1155 2104 1178 2128 a
1207 2087 1362 2129 iudici-

190 2145 265 2183 bus
287 2152 443 2196 speret,
474 2154 515 2184 et
533 2162 654 2198 quam
675 2148 876 2186 rationem
903 2145 1124 2184 accusandi
1142 2146 1186 2184 in
1205 2145 1286 2184 hac
1299 2143 1363 2181 al·-

190 2206 279 2239 tera
298 2201 461 2241 actione
482 2211 702 2243 secuturus
729 2204 784 2242 sit
812 2218 844 2242 c.
866 2203 890 2242 6
904 2222 955 2230 -
971 2216 987 2242 1
1001 2216 1032 2241 1.
