<?xml version="1.0" encoding="UTF-8"?>
<!DOCTYPE html PUBLIC "-//W3C//DTD XHTML 1.0 Transitional//EN"
    "http://www.w3.org/TR/xhtml1/DTD/xhtml1-transitional.dtd">
<html xmlns="http://www.w3.org/1999/xhtml" xml:lang="en" lang="en">
 <head>
  <title>
</title>
<meta http-equiv="Content-Type" content="text/html;charset=utf-8" />
  <meta name='ocr-system' content='tesseract 3.04.00' />
  <meta name='ocr-capabilities' content='ocr_page ocr_carea ocr_par ocr_line ocrx_word'/>
</head>
<body>
  <div class='ocr_page' id='page_1' title='image "./operaquaesupersu05ciceuoft/operaquaesupersu05ciceuoft_0291.png"; bbox 0 0 1416 2480; ppageno 0'>
   <div class='ocr_carea' id='block_1_1' title="bbox 320 154 1204 202">
    <p class='ocr_par' dir='ltr' id='par_1_1' title="bbox 320 154 1204 202">
     <span class='ocr_line' id='line_1_1' title="bbox 320 154 1204 202; baseline 0.002 -10"><span class='ocrx_word' id='word_1_1' title='bbox 320 157 378 192; x_wconf 76' lang='lat' dir='ltr'>m</span> <span class='ocrx_word' id='word_1_2' title='bbox 409 155 524 191; x_wconf 59' lang='lat' dir='ltr'>scr.</span> <span class='ocrx_word' id='word_1_3' title='bbox 559 155 590 190; x_wconf 91' lang='lat'>1.</span> <span class='ocrx_word' id='word_1_4' title='bbox 617 154 674 191; x_wconf 79' lang='lat' dir='ltr'>m</span> <span class='ocrx_word' id='word_1_5' title='bbox 709 154 925 192; x_wconf 61' lang='lat' dir='ltr'>venusii.</span> <span class='ocrx_word' id='word_1_6' title='bbox 1133 163 1204 202; x_wconf 57' lang='grc' dir='ltr'>ἐς</span> 
     </span>
    </p>
   </div>
   <div class='ocr_carea' id='block_1_2' title="bbox 33 250 1205 2166">
    <p class='ocr_par' dir='ltr' id='par_1_2' title="bbox 33 250 1204 700">
     <span class='ocr_line' id='line_1_2' title="bbox 153 250 1198 311; baseline 0.003 -19"><span class='ocrx_word' id='word_1_7' title='bbox 153 251 237 311; x_wconf 68' lang='lat' dir='ltr'>qm*</span> <span class='ocrx_word' id='word_1_8' title='bbox 263 250 567 307; x_wconf 75' lang='lat' dir='ltr'>quamobrem</span> <span class='ocrx_word' id='word_1_9' title='bbox 587 253 978 307; x_wconf 78' lang='lat' dir='ltr'>arcesserentur]</span> <span class='ocrx_word' id='word_1_10' title='bbox 995 254 1103 295; x_wconf 84' lang='lat' dir='ltr'>Bene</span> <span class='ocrx_word' id='word_1_11' title='bbox 1129 256 1198 295; x_wconf 87' lang='lat' dir='ltr'>in·-</span> 
     </span>
     <span class='ocr_line' id='line_1_3' title="bbox 39 310 1198 363; baseline 0.001 -13"><span class='ocrx_word' id='word_1_12' title='bbox 39 311 243 363; x_wconf 77' lang='lat' dir='ltr'>terposuit</span> <span class='ocrx_word' id='word_1_13' title='bbox 269 310 370 349; x_wconf 85' lang='lat' dir='ltr'>haec</span> <span class='ocrx_word' id='word_1_14' title='bbox 406 310 457 348; x_wconf 87' lang='lat' dir='ltr'>ad</span> <span class='ocrx_word' id='word_1_15' title='bbox 489 322 652 348; x_wconf 82' lang='lat' dir='ltr'>causam</span> <span class='ocrx_word' id='word_1_16' title='bbox 682 324 765 348; x_wconf 88' lang='lat' dir='ltr'>non</span> <span class='ocrx_word' id='word_1_17' title='bbox 800 311 1010 350; x_wconf 85' lang='lat' dir='ltr'>veniendi.</span> <span class='ocrx_word' id='word_1_18' title='bbox 1092 312 1198 351; x_wconf 85' lang='lat' dir='ltr'>Nam</span> 
     </span>
     <span class='ocr_line' id='line_1_4' title="bbox 37 366 1204 419; baseline 0.002 -14"><span class='ocrx_word' id='word_1_19' title='bbox 37 370 126 406; x_wconf 77' lang='lat' dir='ltr'>sine</span> <span class='ocrx_word' id='word_1_20' title='bbox 145 366 225 405; x_wconf 86' lang='lat' dir='ltr'>hoc</span> <span class='ocrx_word' id='word_1_21' title='bbox 240 367 293 405; x_wconf 80' lang='lat' dir='ltr'>ad</span> <span class='ocrx_word' id='word_1_22' title='bbox 312 367 568 419; x_wconf 81' lang='lat' dir='ltr'>designatum</span> <span class='ocrx_word' id='word_1_23' title='bbox 601 367 810 405; x_wconf 78' lang='lat' dir='ltr'>consulein</span> <span class='ocrx_word' id='word_1_24' title='bbox 831 368 1105 419; x_wconf 58' lang='lat' dir='ltr'>Siculosjlnon</span> <span class='ocrx_word' id='word_1_25' title='bbox 1124 382 1204 407; x_wconf 74' lang='lat' dir='ltr'>ve-</span> 
     </span>
     <span class='ocr_line' id='line_1_5' title="bbox 36 423 1197 470; baseline 0 -8"><span class='ocrx_word' id='word_1_26' title='bbox 36 425 167 470; x_wconf 74' lang='lat' dir='ltr'>nisse,</span> <span class='ocrx_word' id='word_1_27' title='bbox 203 423 485 461; x_wconf 84' lang='lat' dir='ltr'><strong>contumaciae</strong></span> <span class='ocrx_word' id='word_1_28' title='bbox 511 423 715 461; x_wconf 77' lang='lat' dir='ltr'>videatur.</span> <span class='ocrx_word' id='word_1_29' title='bbox 801 424 909 462; x_wconf 84' lang='lat' dir='ltr'>Sane</span> <span class='ocrx_word' id='word_1_30' title='bbox 935 430 976 462; x_wconf 86' lang='lat' dir='ltr'>et</span> <span class='ocrx_word' id='word_1_31' title='bbox 1004 425 1073 464; x_wconf 83' lang='lat' dir='ltr'>hio</span> <span class='ocrx_word' id='word_1_32' title='bbox 1092 425 1197 463; x_wconf 86' lang='lat' dir='ltr'>etin</span> 
     </span>
     <span class='ocr_line' id='line_1_6' title="bbox 36 478 1200 533; baseline 0.001 -15"><span class='ocrx_word' id='word_1_33' title='bbox 36 481 172 533; x_wconf 86' lang='lat' dir='ltr'>primo</span> <span class='ocrx_word' id='word_1_34' title='bbox 190 480 322 532; x_wconf 80' lang='lat' dir='ltr'>capite</span> <span class='ocrx_word' id='word_1_35' title='bbox 341 478 611 518; x_wconf 80' lang='lat' dir='ltr'>verrinarum</span> <span class='ocrx_word' id='word_1_36' title='bbox 631 480 977 519; x_wconf 81' lang='lat' dir='ltr'>animadvertitur</span> <span class='ocrx_word' id='word_1_37' title='bbox 1004 482 1200 520; x_wconf 71' lang='lat' dir='ltr'>inconse-</span> 
     </span>
     <span class='ocr_line' id='line_1_7' title="bbox 37 535 1199 588; baseline 0.001 -14"><span class='ocrx_word' id='word_1_38' title='bbox 37 549 167 588; x_wconf 81' lang='lat' dir='ltr'>quens</span> <span class='ocrx_word' id='word_1_39' title='bbox 213 536 390 576; x_wconf 83' lang='lat' dir='ltr'>locutio.</span> <span class='ocrx_word' id='word_1_40' title='bbox 437 535 663 586; x_wconf 87' lang='lat' dir='ltr'>similisque</span> <span class='ocrx_word' id='word_1_41' title='bbox 698 537 949 582; x_wconf 83' lang='lat' dir='ltr'>soloecismi,</span> <span class='ocrx_word' id='word_1_42' title='bbox 995 538 1199 588; x_wconf 85' lang='lat' dir='ltr'><strong>siquidem</strong></span> 
     </span>
     <span class='ocr_line' id='line_1_8' title="bbox 38 590 1198 644; baseline 0.002 -14"><span class='ocrx_word' id='word_1_43' title='bbox 38 603 139 630; x_wconf 78' lang='lat' dir='ltr'>non</span> <span class='ocrx_word' id='word_1_44' title='bbox 158 590 343 630; x_wconf 82' lang='lat' dir='ltr'>venisse</span> <span class='ocrx_word' id='word_1_45' title='bbox 371 592 540 644; x_wconf 80' lang='lat' dir='ltr'>legeris3</span> <span class='ocrx_word' id='word_1_46' title='bbox 576 606 672 631; x_wconf 85' lang='lat' dir='ltr'>nam</span> <span class='ocrx_word' id='word_1_47' title='bbox 699 593 734 631; x_wconf 88' lang='lat' dir='ltr'>si</span> <span class='ocrx_word' id='word_1_48' title='bbox 754 604 852 631; x_wconf 84' lang='lat' dir='ltr'>non</span> <span class='ocrx_word' id='word_1_49' title='bbox 873 591 1118 632; x_wconf 77' lang='lat' dir='ltr'>venissent</span> <span class='ocrx_word' id='word_1_50' title='bbox 1135 595 1198 632; x_wconf 85' lang='lat' dir='ltr'>le-</span> 
     </span>
     <span class='ocr_line' id='line_1_9' title="bbox 33 647 498 700; baseline -0.002 -14"><span class='ocrx_word' id='word_1_51' title='bbox 33 647 154 700; x_wconf 61' lang='lat' dir='ltr'>geris»,</span> <span class='ocrx_word' id='word_1_52' title='bbox 172 662 288 688; x_wconf 87' lang='lat' dir='ltr'>error</span> <span class='ocrx_word' id='word_1_53' title='bbox 308 662 391 686; x_wconf 84' lang='lat' dir='ltr'>non</span> <span class='ocrx_word' id='word_1_54' title='bbox 405 648 498 686; x_wconf 86' lang='lat' dir='ltr'>erit.</span> 
     </span>
    </p>

    <p class='ocr_par' dir='ltr' id='par_1_3' title="bbox 37 701 1200 812">
     <span class='ocr_line' id='line_1_10' title="bbox 153 701 1200 759; baseline 0.003 -17"><span class='ocrx_word' id='word_1_55' title='bbox 153 713 415 743; x_wconf 79' lang='lat' dir='ltr'>ceterorum</span> <span class='ocrx_word' id='word_1_56' title='bbox 444 701 536 742; x_wconf 83' lang='lat' dir='ltr'>hoc</span> <span class='ocrx_word' id='word_1_57' title='bbox 567 702 716 756; x_wconf 79' lang='lat' dir='ltr'>anno]</span> <span class='ocrx_word' id='word_1_58' title='bbox 743 703 971 744; x_wconf 87' lang='lat' dir='ltr'>Criminose</span> <span class='ocrx_word' id='word_1_59' title='bbox 1000 711 1047 744; x_wconf 86' lang='lat' dir='ltr'>ut</span> <span class='ocrx_word' id='word_1_60' title='bbox 1074 719 1200 759; x_wconf 81' lang='lat' dir='ltr'>supra</span> 
     </span>
     <span class='ocr_line' id='line_1_11' title="bbox 37 760 920 812; baseline 0 -13"><span class='ocrx_word' id='word_1_61' title='bbox 37 760 246 810; x_wconf 74' lang='lat' dir='ltr'>diximus,</span> <span class='ocrx_word' id='word_1_62' title='bbox 283 761 328 799; x_wconf 89' lang='lat' dir='ltr'>in</span> <span class='ocrx_word' id='word_1_63' title='bbox 349 760 615 799; x_wconf 84' lang='lat' dir='ltr'>Hortensium</span> <span class='ocrx_word' id='word_1_64' title='bbox 645 760 920 812; x_wconf 72' lang='lat' dir='ltr'>Metellosque.</span> 
     </span>
    </p>

    <p class='ocr_par' dir='ltr' id='par_1_4' title="bbox 37 812 1200 1082">
     <span class='ocr_line' id='line_1_12' title="bbox 154 812 1198 870; baseline -0.004 -14"><span class='ocrx_word' id='word_1_65' title='bbox 154 829 259 856; x_wconf 86' lang='lat' dir='ltr'>cum</span> <span class='ocrx_word' id='word_1_66' title='bbox 276 812 392 868; x_wconf 87' lang='lat' dir='ltr'>filio</span> <span class='ocrx_word' id='word_1_67' title='bbox 417 813 596 855; x_wconf 80' lang='lat' dir='ltr'>blando</span> <span class='ocrx_word' id='word_1_68' title='bbox 627 825 670 854; x_wconf 82' lang='lat' dir='ltr'>ec</span> <span class='ocrx_word' id='word_1_69' title='bbox 687 814 927 870; x_wconf 78' lang='lat' dir='ltr'>gratioso]</span> <span class='ocrx_word' id='word_1_70' title='bbox 957 817 1121 856; x_wconf 84' lang='lat' dir='ltr'>feminis</span> <span class='ocrx_word' id='word_1_71' title='bbox 1150 833 1198 858; x_wconf 78' lang='lat' dir='ltr'>ae.</span> 
     </span>
     <span class='ocr_line' id='line_1_13' title="bbox 37 873 1198 927; baseline 0 -15"><span class='ocrx_word' id='word_1_72' title='bbox 37 874 218 913; x_wconf 79' lang='lat' dir='ltr'><strong>maxime</strong></span> <span class='ocrx_word' id='word_1_73' title='bbox 236 873 522 911; x_wconf 76' lang='lat' dir='ltr'>meretricibus</span> <span class='ocrx_word' id='word_1_74' title='bbox 541 873 768 911; x_wconf 82' lang='lat' dir='ltr'>blanditiae</span> <span class='ocrx_word' id='word_1_75' title='bbox 789 874 1066 922; x_wconf 79' lang='lat' dir='ltr'>conveniunt3</span> <span class='ocrx_word' id='word_1_76' title='bbox 1103 889 1198 927; x_wconf 83' lang='lat' dir='ltr'>gra-</span> 
     </span>
     <span class='ocr_line' id='line_1_14' title="bbox 39 929 1200 981; baseline 0 -12"><span class='ocrx_word' id='word_1_77' title='bbox 39 930 97 969; x_wconf 84' lang='lat' dir='ltr'>tia</span> <span class='ocrx_word' id='word_1_78' title='bbox 116 943 215 968; x_wconf 89' lang='lat' dir='ltr'>vero</span> <span class='ocrx_word' id='word_1_79' title='bbox 236 942 339 981; x_wconf 84' lang='lat' dir='ltr'>quae</span> <span class='ocrx_word' id='word_1_80' title='bbox 358 935 492 980; x_wconf 87' lang='lat' dir='ltr'>potest</span> <span class='ocrx_word' id='word_1_81' title='bbox 511 930 555 967; x_wconf 89' lang='lat' dir='ltr'>in</span> <span class='ocrx_word' id='word_1_82' title='bbox 575 929 899 967; x_wconf 78' lang='lat' dir='ltr'>adolescentibus</span> <span class='ocrx_word' id='word_1_83' title='bbox 921 943 1006 968; x_wconf 88' lang='lat' dir='ltr'>esse</span> <span class='ocrx_word' id='word_1_84' title='bbox 1024 931 1112 968; x_wconf 90' lang='lat' dir='ltr'>sine</span> <span class='ocrx_word' id='word_1_85' title='bbox 1131 932 1200 969; x_wconf 87' lang='lat' dir='ltr'>in-</span> 
     </span>
     <span class='ocr_line' id='line_1_15' title="bbox 38 985 1198 1037; baseline 0.002 -13"><span class='ocrx_word' id='word_1_86' title='bbox 38 986 197 1024; x_wconf 79' lang='lat' dir='ltr'>famia?</span> <span class='ocrx_word' id='word_1_87' title='bbox 256 985 441 1024; x_wconf 80' lang='lat' dir='ltr'>Gratiam</span> <span class='ocrx_word' id='word_1_88' title='bbox 474 986 583 1023; x_wconf 86' lang='lat' dir='ltr'>enim</span> <span class='ocrx_word' id='word_1_89' title='bbox 611 986 838 1024; x_wconf 82' lang='lat' dir='ltr'>amicorum</span> <span class='ocrx_word' id='word_1_90' title='bbox 877 987 1038 1037; x_wconf 84' lang='lat' dir='ltr'>copiam</span> <span class='ocrx_word' id='word_1_91' title='bbox 1074 988 1198 1026; x_wconf 88' lang='lat' dir='ltr'>modo</span> 
     </span>
     <span class='ocr_line' id='line_1_16' title="bbox 38 1042 153 1082; baseline -0.017 0"><span class='ocrx_word' id='word_1_92' title='bbox 38 1042 153 1082; x_wconf 80' lang='lat' dir='ltr'>dicit.</span> 
     </span>
    </p>

    <p class='ocr_par' dir='ltr' id='par_1_5' title="bbox 154 1095 813 1152">
     <span class='ocr_line' id='line_1_17' title="bbox 154 1095 813 1152; baseline -0.003 -15"><span class='ocrx_word' id='word_1_93' title='bbox 154 1095 419 1152; x_wconf 83' lang='lat' dir='ltr'>appellare]</span> <span class='ocrx_word' id='word_1_94' title='bbox 445 1099 559 1150; x_wconf 84' lang='lat' dir='ltr'>quasi</span> <span class='ocrx_word' id='word_1_95' title='bbox 578 1099 813 1138; x_wconf 81' lang='lat' dir='ltr'>familiares.</span> 
     </span>
    </p>

    <p class='ocr_par' dir='ltr' id='par_1_6' title="bbox 153 1153 1202 1206">
     <span class='ocr_line' id='line_1_18' title="bbox 153 1153 1202 1206; baseline 0.003 -14"><span class='ocrx_word' id='word_1_96' title='bbox 153 1163 201 1192; x_wconf 77' lang='lat' dir='ltr'>ec</span> <span class='ocrx_word' id='word_1_97' title='bbox 225 1153 504 1206; x_wconf 74' lang='lat' dir='ltr'>convenire]</span> <span class='ocrx_word' id='word_1_98' title='bbox 526 1156 641 1206; x_wconf 86' lang='lat' dir='ltr'>quasi</span> <span class='ocrx_word' id='word_1_99' title='bbox 663 1156 712 1192; x_wconf 87' lang='lat' dir='ltr'>de</span> <span class='ocrx_word' id='word_1_100' title='bbox 730 1156 1028 1205; x_wconf 80' lang='lat' dir='ltr'>promissorum</span> <span class='ocrx_word' id='word_1_101' title='bbox 1047 1155 1202 1195; x_wconf 83' lang='lat' dir='ltr'>debito.&#39;</span> 
     </span>
    </p>

    <p class='ocr_par' dir='ltr' id='par_1_7' title="bbox 38 1206 1202 1700">
     <span class='ocr_line' id='line_1_19' title="bbox 154 1206 1198 1264; baseline 0.001 -15"><span class='ocrx_word' id='word_1_102' title='bbox 154 1207 452 1249; x_wconf 75' lang='lat' dir='ltr'>intellectum</span> <span class='ocrx_word' id='word_1_103' title='bbox 480 1219 526 1249; x_wconf 85' lang='lat' dir='ltr'>ec</span> <span class='ocrx_word' id='word_1_104' title='bbox 556 1206 962 1260; x_wconf 80' lang='lat' dir='ltr'>animadversum]</span> <span class='ocrx_word' id='word_1_105' title='bbox 999 1212 1198 1264; x_wconf 85' lang='lat' dir='ltr'>intelligi-</span> 
     </span>
     <span class='ocr_line' id='line_1_20' title="bbox 38 1266 1197 1319; baseline 0.002 -13"><span class='ocrx_word' id='word_1_106' title='bbox 38 1274 110 1307; x_wconf 78' lang='lat' dir='ltr'>tur</span> <span class='ocrx_word' id='word_1_107' title='bbox 136 1266 292 1319; x_wconf 85' lang='lat' dir='ltr'>aliquid</span> <span class='ocrx_word' id='word_1_108' title='bbox 321 1267 593 1318; x_wconf 86' lang='lat' dir='ltr'>argumentis,</span> <span class='ocrx_word' id='word_1_109' title='bbox 636 1266 983 1307; x_wconf 85' lang='lat' dir='ltr'>animadvertitur</span> <span class='ocrx_word' id='word_1_110' title='bbox 1009 1269 1197 1308; x_wconf 85' lang='lat' dir='ltr'>sensibus</span> 
     </span>
     <span class='ocr_line' id='line_1_21' title="bbox 38 1323 1200 1382; baseline 0.001 -20"><span class='ocrx_word' id='word_1_111' title='bbox 38 1323 245 1378; x_wconf 82' lang='lat' dir='ltr'>praesenti</span> <span class='ocrx_word' id='word_1_112' title='bbox 273 1323 410 1360; x_wconf 85' lang='lat' dir='ltr'>animo</span> <span class='ocrx_word' id='word_1_113' title='bbox 439 1324 678 1374; x_wconf 69' lang='lat' dir='ltr'>utentibust,</span> <span class='ocrx_word' id='word_1_114' title='bbox 716 1323 956 1375; x_wconf 82' lang='lat' dir='ltr'>plerumque</span> <span class='ocrx_word' id='word_1_115' title='bbox 975 1325 1085 1382; x_wconf 63' lang='lat' dir='ltr'>enim</span> <span class='ocrx_word' id='word_1_116' title='bbox 1106 1325 1200 1363; x_wconf 86' lang='lat' dir='ltr'>ani-</span> 
     </span>
     <span class='ocr_line' id='line_1_22' title="bbox 40 1379 1200 1432; baseline 0.001 -14"><span class='ocrx_word' id='word_1_117' title='bbox 40 1380 334 1418; x_wconf 85' lang='lat' dir='ltr'>madvertimus</span> <span class='ocrx_word' id='word_1_118' title='bbox 354 1393 440 1418; x_wconf 88' lang='lat' dir='ltr'>rem</span> <span class='ocrx_word' id='word_1_119' title='bbox 460 1380 637 1432; x_wconf 79' lang='lat' dir='ltr'>aliquam</span> <span class='ocrx_word' id='word_1_120' title='bbox 657 1379 810 1428; x_wconf 78' lang='lat' dir='ltr'>oculis,</span> <span class='ocrx_word' id='word_1_121' title='bbox 841 1386 912 1418; x_wconf 88' lang='lat' dir='ltr'>aut</span> <span class='ocrx_word' id='word_1_122' title='bbox 940 1381 1084 1431; x_wconf 89' lang='lat' dir='ltr'>quovis</span> <span class='ocrx_word' id='word_1_123' title='bbox 1103 1394 1200 1419; x_wconf 70' lang='lat' dir='ltr'>sen-</span> 
     </span>
     <span class='ocr_line' id='line_1_23' title="bbox 39 1436 1202 1489; baseline 0.001 -15"><span class='ocrx_word' id='word_1_124' title='bbox 39 1448 90 1475; x_wconf 71' lang='lat' dir='ltr'>su</span> <span class='ocrx_word' id='word_1_125' title='bbox 118 1437 302 1489; x_wconf 83' lang='lat' dir='ltr'>corporis</span> <span class='ocrx_word' id='word_1_126' title='bbox 330 1437 417 1474; x_wconf 88' lang='lat' dir='ltr'>sine</span> <span class='ocrx_word' id='word_1_127' title='bbox 446 1437 574 1474; x_wconf 87' lang='lat' dir='ltr'>animi</span> <span class='ocrx_word' id='word_1_128' title='bbox 604 1436 856 1484; x_wconf 83' lang='lat' dir='ltr'>intentione3</span> <span class='ocrx_word' id='word_1_129' title='bbox 893 1450 988 1488; x_wconf 89' lang='lat' dir='ltr'>ergo</span> <span class='ocrx_word' id='word_1_130' title='bbox 1019 1437 1110 1488; x_wconf 85' lang='lat' dir='ltr'>plus</span> <span class='ocrx_word' id='word_1_131' title='bbox 1138 1443 1202 1475; x_wconf 80' lang='lat' dir='ltr'>est</span> 
     </span>
     <span class='ocr_line' id='line_1_24' title="bbox 41 1493 1198 1543; baseline -0.002 -10"><span class='ocrx_word' id='word_1_132' title='bbox 41 1493 372 1533; x_wconf 73' lang='lat' dir='ltr'>animadversum</span> <span class='ocrx_word' id='word_1_133' title='bbox 404 1507 525 1543; x_wconf 81' lang='lat' dir='ltr'>quain</span> <span class='ocrx_word' id='word_1_134' title='bbox 548 1493 828 1540; x_wconf 75' lang='lat' dir='ltr'>intellectum3</span> <span class='ocrx_word' id='word_1_135' title='bbox 867 1507 918 1531; x_wconf 87' lang='lat' dir='ltr'>an</span> <span class='ocrx_word' id='word_1_136' title='bbox 946 1495 997 1530; x_wconf 87' lang='lat' dir='ltr'>ab</span> <span class='ocrx_word' id='word_1_137' title='bbox 1018 1494 1108 1531; x_wconf 87' lang='lat' dir='ltr'>aliis</span> <span class='ocrx_word' id='word_1_138' title='bbox 1130 1494 1198 1531; x_wconf 65' lang='lat' dir='ltr'>in-</span> 
     </span>
     <span class='ocr_line' id='line_1_25' title="bbox 40 1549 1200 1601; baseline 0 -14"><span class='ocrx_word' id='word_1_139' title='bbox 40 1549 271 1598; x_wconf 79' lang='lat' dir='ltr'>tellectum,</span> <span class='ocrx_word' id='word_1_140' title='bbox 302 1550 351 1586; x_wconf 92' lang='lat' dir='ltr'>ab</span> <span class='ocrx_word' id='word_1_141' title='bbox 371 1549 460 1587; x_wconf 87' lang='lat' dir='ltr'>aliis</span> <span class='ocrx_word' id='word_1_142' title='bbox 485 1550 816 1588; x_wconf 81' lang='lat' dir='ltr'>animadversum</span> <span class='ocrx_word' id='word_1_143' title='bbox 846 1549 1022 1601; x_wconf 83' lang='lat' dir='ltr'>intelligi</span> <span class='ocrx_word' id='word_1_144' title='bbox 1041 1550 1200 1601; x_wconf 78' lang='lat' dir='ltr'>possit?</span> 
     </span>
     <span class='ocr_line' id='line_1_26' title="bbox 42 1605 1201 1658; baseline 0.002 -16"><span class='ocrx_word' id='word_1_145' title='bbox 42 1605 152 1658; x_wconf 82' lang='lat' dir='ltr'>quod</span> <span class='ocrx_word' id='word_1_146' title='bbox 170 1607 202 1643; x_wconf 91' lang='lat' dir='ltr'>si</span> <span class='ocrx_word' id='word_1_147' title='bbox 227 1612 298 1653; x_wconf 90' lang='lat' dir='ltr'>est,</span> <span class='ocrx_word' id='word_1_148' title='bbox 322 1619 465 1646; x_wconf 82' lang='lat' dir='ltr'>rursus</span> <span class='ocrx_word' id='word_1_149' title='bbox 484 1606 584 1658; x_wconf 27' lang='lat' dir='ltr'>plus*</span> <span class='ocrx_word' id='word_1_150' title='bbox 600 1606 679 1644; x_wconf 83' lang='lat' dir='ltr'>erit</span> <span class='ocrx_word' id='word_1_151' title='bbox 697 1619 818 1657; x_wconf 86' lang='lat' dir='ltr'>quam</span> <span class='ocrx_word' id='word_1_152' title='bbox 839 1606 1082 1657; x_wconf 86' lang='lat' dir='ltr'>intelligere,</span> <span class='ocrx_word' id='word_1_153' title='bbox 1108 1606 1201 1644; x_wconf 74' lang='lat' dir='ltr'>ani-</span> 
     </span>
     <span class='ocr_line' id='line_1_27' title="bbox 41 1662 1199 1700; baseline -0.003 0"><span class='ocrx_word' id='word_1_154' title='bbox 41 1662 312 1700; x_wconf 84' lang='lat' dir='ltr'>madvertere.</span> <span class='ocrx_word' id='word_1_155' title='bbox 1194 1672 1199 1677; x_wconf 42' lang='lat' dir='ltr'><strong><em>f</em></strong></span> 
     </span>
    </p>

    <p class='ocr_par' dir='ltr' id='par_1_8' title="bbox 42 1713 1203 1883">
     <span class='ocr_line' id='line_1_28' title="bbox 157 1713 1199 1771; baseline -0.001 -16"><span class='ocrx_word' id='word_1_156' title='bbox 157 1726 210 1756; x_wconf 82' lang='lat' dir='ltr'>uc</span> <span class='ocrx_word' id='word_1_157' title='bbox 241 1716 375 1757; x_wconf 78' lang='lat' dir='ltr'>cuius</span> <span class='ocrx_word' id='word_1_158' title='bbox 401 1713 606 1757; x_wconf 82' lang='lat' dir='ltr'>diviciae</span> <span class='ocrx_word' id='word_1_159' title='bbox 634 1714 721 1770; x_wconf 82' lang='lat' dir='ltr'>me]</span> <span class='ocrx_word' id='word_1_160' title='bbox 753 1717 900 1771; x_wconf 83' lang='lat' dir='ltr'>Magna</span> <span class='ocrx_word' id='word_1_161' title='bbox 928 1716 1199 1769; x_wconf 83' lang='lat' dir='ltr'>emphasi&#39;di-</span> 
     </span>
     <span class='ocr_line' id='line_1_29' title="bbox 42 1773 1203 1828; baseline -0.002 -15"><span class='ocrx_word' id='word_1_162' title='bbox 42 1774 166 1813; x_wconf 70' lang='lat' dir='ltr'>vitias</span> <span class='ocrx_word' id='word_1_163' title='bbox 186 1774 305 1820; x_wconf 81' lang='lat' dir='ltr'>dixit,</span> <span class='ocrx_word' id='word_1_164' title='bbox 334 1781 375 1813; x_wconf 88' lang='lat' dir='ltr'>et</span> <span class='ocrx_word' id='word_1_165' title='bbox 394 1775 596 1828; x_wconf 79' lang='lat' dir='ltr'>significat</span> <span class='ocrx_word' id='word_1_166' title='bbox 614 1775 795 1812; x_wconf 80' lang='lat' dir='ltr'>breviter</span> <span class='ocrx_word' id='word_1_167' title='bbox 814 1774 996 1814; x_wconf 77' lang='lat' dir='ltr'>etiamsi</span> <span class='ocrx_word' id='word_1_168' title='bbox 1017 1773 1203 1825; x_wconf 81' lang='lat' dir='ltr'>praemia</span> 
     </span>
     <span class='ocr_line' id='line_1_30' title="bbox 43 1831 846 1883; baseline -0.001 -15"><span class='ocrx_word' id='word_1_169' title='bbox 43 1831 409 1883; x_wconf 77' lang='lat' dir='ltr'>praevaricationis</span> <span class='ocrx_word' id='word_1_170' title='bbox 428 1833 564 1870; x_wconf 80' lang='lat' dir='ltr'>oblata</span> <span class='ocrx_word' id='word_1_171' title='bbox 590 1832 660 1869; x_wconf 81' lang='lat' dir='ltr'>sed</span> <span class='ocrx_word' id='word_1_172' title='bbox 677 1832 846 1868; x_wconf 70' lang='lat' dir='ltr'>frustra.</span> 
     </span>
    </p>

    <p class='ocr_par' dir='ltr' id='par_1_9' title="bbox 46 1883 1205 2166">
     <span class='ocr_line' id='line_1_31' title="bbox 158 1883 1199 1941; baseline -0.003 -15"><span class='ocrx_word' id='word_1_173' title='bbox 158 1883 241 1926; x_wconf 82' lang='lat' dir='ltr'>sed</span> <span class='ocrx_word' id='word_1_174' title='bbox 276 1887 421 1926; x_wconf 83' lang='lat' dir='ltr'>eciam</span> <span class='ocrx_word' id='word_1_175' title='bbox 452 1887 505 1941; x_wconf 78' lang='lat' dir='ltr'><em>Q</em></span> <span class='ocrx_word' id='word_1_176' title='bbox 536 1883 811 1937; x_wconf 72' lang='lat' dir='ltr'>Metellum]</span> <span class='ocrx_word' id='word_1_177' title='bbox 845 1884 1199 1924; x_wconf 52' lang='lat' dir='ltr'>subaudiffconsu-</span> 
     </span>
     <span class='ocr_line' id='line_1_32' title="bbox 46 1940 1200 1986; baseline -0.004 -3"><span class='ocrx_word' id='word_1_178' title='bbox 46 1940 142 1981; x_wconf 78' lang='lat' dir='ltr'>lem.</span> <span class='ocrx_word' id='word_1_179' title='bbox 164 1946 180 1970; x_wconf 82' lang='lat'><em>¹</em></span> <span class='ocrx_word' id='word_1_180' title='bbox 237 1943 288 1982; x_wconf 85' lang='lat' dir='ltr'>Et</span> <span class='ocrx_word' id='word_1_181' title='bbox 304 1957 355 1982; x_wconf 87' lang='lat' dir='ltr'>ne</span> <span class='ocrx_word' id='word_1_182' title='bbox 382 1958 498 1983; x_wconf 81' lang='lat' dir='ltr'>error</span> <span class='ocrx_word' id='word_1_183' title='bbox 525 1945 578 1982; x_wconf 78' lang='lat' dir='ltr'>sit</span> <span class='ocrx_word' id='word_1_184' title='bbox 607 1945 650 1983; x_wconf 81' lang='lat' dir='ltr'>in</span> <span class='ocrx_word' id='word_1_185' title='bbox 672 1942 930 1986; x_wconf 81' lang='lat' dir='ltr'>nominibus,</span> <span class='ocrx_word' id='word_1_186' title='bbox 964 1946 1104 1979; x_wconf 77' lang='lat' dir='ltr'>tencre</span> <span class='ocrx_word' id='word_1_187' title='bbox 1125 1955 1200 1979; x_wconf 86' lang='lat' dir='ltr'>vos</span> 
     </span>
     <span class='ocr_line' id='line_1_33' title="bbox 52 1997 1201 2048; baseline 0.001 -13"><span class='ocrx_word' id='word_1_188' title='bbox 52 2004 230 2048; x_wconf 76' lang='lat' dir='ltr'>oportet,</span> <span class='ocrx_word' id='word_1_189' title='bbox 265 2006 349 2039; x_wconf 85' lang='lat' dir='ltr'>tres</span> <span class='ocrx_word' id='word_1_190' title='bbox 370 1999 554 2038; x_wconf 68' lang='lat' dir='ltr'>Metellos</span> <span class='ocrx_word' id='word_1_191' title='bbox 575 2014 678 2046; x_wconf 86' lang='lat' dir='ltr'>esse,</span> <span class='ocrx_word' id='word_1_192' title='bbox 716 2012 847 2036; x_wconf 88' lang='lat' dir='ltr'>unum</span> <span class='ocrx_word' id='word_1_193' title='bbox 867 1997 1077 2035; x_wconf 86' lang='lat' dir='ltr'>consulem</span> <span class='ocrx_word' id='word_1_194' title='bbox 1107 2011 1201 2036; x_wconf 85' lang='lat' dir='ltr'>cum</span> 
     </span>
     <span class='ocr_line' id='line_1_34' title="bbox 56 2051 1205 2107; baseline 0.003 -17"><span class='ocrx_word' id='word_1_195' title='bbox 56 2051 293 2103; x_wconf 83' lang='lat' dir='ltr'>Hortensio,</span> <span class='ocrx_word' id='word_1_196' title='bbox 328 2058 504 2095; x_wconf 87' lang='lat' dir='ltr'>alterum</span> <span class='ocrx_word' id='word_1_197' title='bbox 523 2058 566 2095; x_wconf 90' lang='lat' dir='ltr'>in</span> <span class='ocrx_word' id='word_1_198' title='bbox 586 2057 687 2094; x_wconf 86' lang='lat' dir='ltr'>urbe</span> <span class='ocrx_word' id='word_1_199' title='bbox 712 2054 985 2107; x_wconf 80' lang='lat' dir='ltr'>quaesitorem</span> <span class='ocrx_word' id='word_1_200' title='bbox 1007 2054 1056 2091; x_wconf 91' lang='lat' dir='ltr'>de</span> <span class='ocrx_word' id='word_1_201' title='bbox 1074 2067 1205 2106; x_wconf 74' lang='lat' dir='ltr'>pecu-&#39;-</span> 
     </span>
     <span class='ocr_line' id='line_1_35' title="bbox 54 2108 1066 2166; baseline 0.003 -19"><span class='ocrx_word' id='word_1_202' title='bbox 54 2108 133 2147; x_wconf 81' lang='lat' dir='ltr'>niis</span> <span class='ocrx_word' id='word_1_203' title='bbox 152 2113 409 2163; x_wconf 84' lang='lat' dir='ltr'>repetundis,</span> <span class='ocrx_word' id='word_1_204' title='bbox 446 2114 617 2152; x_wconf 82' lang='lat' dir='ltr'>tertium</span> <span class='ocrx_word' id='word_1_205' title='bbox 637 2111 800 2152; x_wconf 83' lang='lat' dir='ltr'>Siciliae</span> <span class='ocrx_word' id='word_1_206' title='bbox 820 2115 1066 2166; x_wconf 81' lang='lat' dir='ltr'>praetorem.</span> 
     </span>
    </p>
   </div>
   <div class='ocr_carea' id='block_1_3' title="bbox 59 2190 187 2198">
    <p class='ocr_par' dir='ltr' id='par_1_10' title="bbox 59 2190 187 2198">
     <span class='ocr_line' id='line_1_36' title="bbox 59 2190 187 2198; baseline -0.016 0"><span class='ocrx_word' id='word_1_207' title='bbox 59 2190 103 2198; x_wconf 72' lang='grc' dir='ltr'>ιι·-</span> <span class='ocrx_word' id='word_1_208' title='bbox 125 2192 187 2196; x_wconf 77' lang='lat'><strong>--..</strong></span> 
     </span>
    </p>
   </div>
   <div class='ocr_carea' id='block_1_4' title="bbox 220 2194 350 2200">
    <p class='ocr_par' dir='ltr' id='par_1_11' title="bbox 220 2194 350 2200">
     <span class='ocr_line' id='line_1_37' title="bbox 220 2194 350 2200; baseline 0 0"><span class='ocrx_word' id='word_1_209' title='bbox 220 2194 350 2200; x_wconf 95' lang='lat' dir='ltr'> </span> 
     </span>
    </p>
   </div>
   <div class='ocr_carea' id='block_1_5' title="bbox 104 2226 547 2284">
    <p class='ocr_par' dir='ltr' id='par_1_12' title="bbox 104 2226 547 2284">
     <span class='ocr_line' id='line_1_38' title="bbox 104 2226 547 2284; baseline 0.011 -17"><span class='ocrx_word' id='word_1_210' title='bbox 104 2233 137 2272; x_wconf 82' lang='lat'>¹)</span> <span class='ocrx_word' id='word_1_211' title='bbox 161 2243 288 2279; x_wconf 73' lang='lat' dir='ltr'>nempe</span> <span class='ocrx_word' id='word_1_212' title='bbox 305 2226 547 2284; x_wconf 69' lang='lat' dir='ltr'>designatum.</span> 
     </span>
    </p>
   </div>
  </div>
 </body>
</html>
