1431 2481
216 162 265 199 31
535 153 591 189 IN
613 150 816 188 VERREM
861 151 976 189 ACT.
1000 151 1049 186 11.

215 247 459 306 Apronius.
523 246 598 302 Id,
639 260 822 302 quaeso,
855 260 912 287 ex
939 245 1140 301 ipsorum
1167 236 1366 285 testimo·

215 305 293 348 m‘o
313 303 579 359 cognoscite.
627 301 780 344 Recita
798 300 1104 343 testimonium
1131 299 1369 341 Aetnensi-

214 377 308 404 um.
366 369 783 401 TESTIMONIUM
809 366 1208 400 AETNENSJUM.
1244 353 1367 406 Quid

217 412 317 460 ais?
364 416 457 471 die,
497 415 591 469 dic,
636 428 818 470 quaeso,
864 413 1049 466 clarius,
1092 419 1143 454 ut
1170 409 1366 468 populus

215 473 446 516 Romanus
470 472 523 512 de
543 472 630 513 suis
651 468 958 526 vectigalibus,
996 467 1049 508 de
1073 467 1160 509 suis
1180 465 1366 508 aratori·

214 529 322 584 bus,
366 528 419 569 de
456 527 546 569 suis
582 527 710 569 sociis
748 533 876 581 atque
916 523 1067 565 amicis
1104 523 1264 564 audiat.
1333 533 1364 563 L

215 596 560 640 MEDIMNUM,
589 587 694 624 *1:135*
717 589 746 622 L
773 592 995 622 MILLIA.
1052 579 1139 621 Per
1157 579 1261 621 deos
1282 577 1366 619 im-

215 637 446 683 mortales!
473 654 588 681 unus
606 648 711 695 ager
727 653 818 679 uno
835 652 951 691 anno
981 648 1005 677 c
1019 649 1043 678 c
1057 648 1081 677 c
1109 635 1249 677 millia
1267 648 1365 675 mo·

215 697 341 740 dium
368 696 527 738 tritici:
573 703 616 737 et
642 701 870 751 praeterea
896 694 1001 734 ffl
1027 705 1055 732 L
1085 691 1250 747 millia,
1293 690 1365 731 lu-

212 753 278 796 cri
308 753 382 794 dat
408 746 647 809 Apronio?
690 746 895 790 Tantone
930 747 1115 789 minoris
1151 747 1362 789 decumae

210 810 470 863 venierunt,
498 822 631 865 quam
651 805 856 859 fuerunt3
883 819 962 858 an,
992 818 1129 860 quum
1149 803 1251 844 satis
1269 817 1362 843 mn-

212 880 303 922 gno
332 864 574 918 venissent,
610 863 684 904 hic
713 868 859 912 tantus
878 869 1028 916 tamen
1048 858 1265 900 frumenti
1283 873 1361 914 pe-

211 922 456 976 cuniaeque
482 933 696 961 numerus
722 917 776 969 ab
806 915 1052 958 arat-oribus
1078 915 1266 972 pervim
1286 913 1362 955 ab·

210 979 327 1020 latus
354 970 452 1018 est?
488 976 656 1018 Utrum
687 973 806 1015 enim
830 971 992 1014 horum
1023 971 1212 1025 dixeris,
1239 970 1286 1012 in
1305 984 1359 1011 eo

210 1033 344 1089 culpa
373 1040 417 1074 et
443 1033 615 1073 crimen
642 1024 854 1072 haerebit.
910 1028 1030 1069 Nam
1047 1027 1157 1069 illud
1180 1025 1359 1083 quide-m

209 1105 304 1133 non
333 1089 470 1142 dices,
509 1088 627 1144 quod
652 1086 824 1128 'utinam
849 1086 989 1140 dicas,
1025 1084 1079 1124 ad
1103 1083 1359 1140 Apronium

207 1161 301 1188 non
329 1144 578 1202 pervenisse
605 1150 792 1185 tantum.
848 1142 913 1183 Ita
939 1148 981 1182 te
1007 1155 1097 1181 non
1123 1138 1257 1180 modo
1276 1152 1359 1194 pu-

207 1201 335 1243 blicis
354 1200 514 1242 tenebo
528 1232 541 1254 ,
580 1200 657 1241 sed
680 1198 812 1239 'etiam
831 1197 1013 1253 privatis
1034 1202 1260 1236 aratorum
1279 1208 1358 1249 pa-

209 1256 430 1298 ctionibus
450 1271 499 1296 uc
525 1256 682 1296 literis:
716 1261 767 1294 ut
792 1252 1035 1307 inteiligas,
1069 1265 1162 1292 non
1187 1258 1232 1291 te
1258 1249 1358 1291 dili-

170 1346 174 1347 ,
207 1312 458 1369 gentiorem
485 1312 533 1353 in
552 1309 763 1351 faciendis
783 1307 1093 1369 furtis-fuisse,
1131 1321 1260 1362 quam
1282 1320 1356 1347 me

204 1371 254 1410 in
274 1367 669 1424 deprehendendis.
726 1365 766 1404 Η
776 1379 826 1406 oc
843 1372 891 1405 tu
910 1363 1024 1404 feres
1039 1369 1056 1391 ¹
1079 1360 1097 1404 ‚²
1133 1362 1219 1403 hoc
1239 1361 1357 1418 quis·-

205 1439 339 1481 qumn
378 1417 619 1464 defendet?
667 1421 751 1462 hoc
779 1420 848 1474 hi,
895 1420 928 1460 si
958 1419 1086 1460 aliter
1121 1418 1174 1459 de
1197 1426 1241 1459 te
1270 1425 1356 1460 sta-

204 1489 331 1522 tuere
356 1478 602 1533 voluerint,
647 1470 960 1518 sustinebunt?
1005 1474 1109 1516 Uno
1139 1474 1354 1529 adventu,

205 1552 264 1579 ex
300 1551 389 1578 uno
426 1549 558 1591 agl-0,
604 1535 659 1585 Q.
692 1531 968 1589 Apronium,
1016 1538 1194 1586 praeter
1231 1544 1355 1582 eam,

203 1607 337 1649 quam
367 1591 484 1644 dixi,
526 1589 757 1647 pecuniam
784 1594 1085 1641 numeratam,
1125 1598 1225 1628 ccc
1254 1585 1356 1626 mil-

202 1648 263 1691 lia
282 1647 486 1689 modium
503 1645 639 1688 tritici
657 1643 771 1686 lucri
786 1644 966 1684 nomine
993 1642 1216 1685 sustulisse
1228 1635 1253 1683 ’ἶ

316 1758 468 1801 XLV.
497 1751 653 1813 Quid?
682 1755 768 1797 hoc
788 1756 1032 1798 Aetnenses
1060 1754 1142 1797 soli
1165 1747 1354 1795 dicunt?

205 1817 350 1859 Immo
381 1815 514 1856 etiam
542 1813 846 1868 Centuripini,
892 1811 968 1868 qui
994 1811 1088 1866 agri
1115 1809 1351 1851 Aetnensis

202 1872 347 1915 multo
386 1871 629 1912 maximam
655 1876 828 1925 partem
861 1867 1112 1924 possident3
1158 1878 1350 1921 quorum

199 1929 381 1984 legatis,
426 1925 680 1967 hominibus
716 1923 1021 1977 nobilissimis,
1066 1921 1272 1963 Androni
1307 1928 1352 1962 et

193 1983 463 2037 Artemoni,
507 1990 682 2024 senatus
719 1995 768 2021 ea
787 1979 1020 2027 *mandata
1049 1977 1191 2032 dedit,
1237 1990 1348 2033 quae

243 2171 276 2205 ι)
305 2172 331 2200 ι’.
355 2179 386 2199 e.
411 2164 484 2199 hoc
510 2173 547 2198 tu
571 2163 705 2199 crimen
735 2159 946 2201 sustinebis,
994 2172 1026 2198 s.
1058 2156 1348 2204 defenderem-

197 2213 302 2256 texis,
328 2211 430 2260 quod
446 2209 536 2248 vidit
549 2210 642 2246 Era.
