1420 2491
169 138 231 173 104
508 126 565 164 ΙΝ
589 124 794 162 VERREM
840 124 952 160 ACT.
977 125 1025 159 11.

170 237 275 265 nem
293 221 465 264 Veneri
485 219 694 273 absolvit3
722 219 807 261 sibi
826 218 1107 260 condemnat.
1122 223 1141 247 ¹
1162 216 1328 260 Maluit

170 278 375 321 videlicet
394 275 596 318 homines
615 290 800 333 peccare
816 307 828 330 ‚
865 289 998 330 quam
1018 273 1146 327 deos3
1182 288 1228 314 se
1248 287 1331 330 po-

172 335 259 377 tius
286 349 310 374 a
329 326 503 388 Dione3
540 332 660 388 quod
684 345 777 373 non
804 330 988 385 licebat,
1025 343 1160 386 quam
1178 329 1331 371 Vene-

171 405 294 443 rem,
339 388 458 445 quod
497 402 590 429 non
621 386 886 441 debebatur,
933 384 1122 427 auferre.
1206 384 1330 436 Quid

173 461 258 503 ego
277 445 351 487 hic
371 459 494 486 nunc
516 442 834 499 Sex.Pompeii
847 442 1003 484 Chlori
1018 441 1331 495 testimonium

173 502 381 556 recitem,
419 500 494 556 qui
521 514 698 541 causam
725 499 815 554 egit
840 492 1037 540 Dionis?
1083 498 1161 554 qui
1187 496 1331 539 omni-

173 559 255 600 bus
271 556 404 599 rebus
423 556 652 610 interfuit3
669 554 864 596 hominis
883 553 1200 606 honestissimi,
1218 560 1332 594 tam-

175 613 257 655 etsi
285 613 391 654 civis
419 612 647 654 Romanus
673 610 859 652 virtutis⁶
878 624 1007 652 causa
1042 609 1211 651 iamdiu
1245 616 1332 664 est,

174 677 327 711 famen
346 667 548 710 omnium
560 667 815 708 Siculorum
833 666 966 722 primi
987 680 1036 706 ac
1055 665 1332 707 nobilissimi.

113 747 125 749 6
177 725 300 776 Quid
319 725 456 781 ipsius
477 724 531 774 Q.
546 723 727 765 Caecilii
746 721 929 774 Dionis,
960 721 1153 762 hominis
1171 721 1335 778 proba-

175 782 336 823 tissimi
364 795 413 820 ac
449 772 795 834 pudentissimi?
842 777 963 828 Quid
997 777 1054 819 L„
1080 776 1292 822 Vetecilii
1312 784 1335 804 2

177 836 361 892 Liguris
382 867 394 890 ,
460 835 514 875 Τ.
541 828 724 889 Manlii,
780 833 838 875 L.
874 827 1075 875 Caleni?
1142 847 1336 889 quorum

180 892 385 933 omnium
420 889 687 932 testimoniis
722 888 781 930 'de
823 889 908 930 hac
946 888 1105 930 Dionis
1148 889 1339 944 pecunia

181 946 498 989 confirmatum
526 953 603 986 est.
659 944 791 986 Dixit
816 945 902 986 hoc
929 944 1051 986 idem
1077 943 1142 985 M.
1246 945 1340 986 cul-

181 1004 275 1057 lus,
314 1017 358 1044 se
387 1003 440 1043 de
467 1002 534 1043 his
566 1001 726 1042 Dionis
753 1000 1051 1044 incommodis
1075 1014 1161 1056 pro
1223 1001 1340 1056 ospi-

182 1056 269 1113 110,
314 1058 433 1114 quod
470 1057 552 1102 sibi
584 1071 688 1098 cum
719 1072 771 1098 eo
802 1064 945 1113 esset,
1001 1059 1090 1098 iam
1128 1063 1230 1097 ante
1266 1069 1341 1097 co-

183 1130 357 1169 gnosse.
425 1108 581 1165 Quid?
617 1113 862 1168 Lucullus,
905 1113 1096 1169 quitum
1115 1112 1164 1153 in
1188 1111 1340 1153 Macc-

184 1170 318 1211 donia
347 1169 454 1223 fuit,
499 1169 658 1209 melius
688 1168 797 1209 haec
824 1168 1055 1222 cognovit,
1105 1181 1238 1223 quam
1264 1175 1337 1223 tu,

183 1225 426 1276 Hortensi,
475 1225 547 1279 qui
574 1224 745 1265 Romae
781 1218 939 1265 fuisti?
979 1224 1040 1265 ad
1075 1237 1211 1279 quem
1246 1222 1337 1265 Dio

184 1276 424 1336 confingit?
473 1280 549 1336 qui
585 1280 637 1320 de
673 1279 833 1321 Dionis
869 1279 1044 1320 iniuriis
1108 1279 1336 1324 ravissime

219 1351 266 1377 er
292 1336 444 1378 literas
472 1351 574 1378 cum
602 1335 747 1377 Verre
779 1342 956 1391 questus
978 1329 1058 1376 es?
1146 1349 1226 1376 ova
1255 1334 1340 1376 tibi
1371 1337 1374 1343 '

181 1351 293 1433 liaeo
323 1400 449 1447 sunt,
499 1400 543 1433 et
568 1387 830 1447 inopinata?
872 1405 992 1433 nunc
1025 1391 1224 1446 primum
1250 1390 1338 1432 1106

183 1462 312 1489 aures
340 1456 442 1489 tuae
474 1448 645 1489 crimen
672 1441 929 1502 accipiunt?
967 1446 1080 1489 nihil
1099 1461 1156 1488 ex
1174 1447 1339 1503 Dione,

185 1503 302 1544 nihil
327 1518 384 1544 ex
409 1510 570 1545 socru3
613 1512 712 1559 tua,
757 1504 926 1544 femina
950 1502 1188 1558 primaria,
1236 1503 1340 1544 Ser-

183 1559 313 1614 vilia,
349 1567 497 1601 vetere
517 1559 676 1601 Dionis
696 1559 902 1616 hospita,
939 1553 1134 1610 audisti?
1173 1558 1340 1600 Nonne

187 1615 330 1656 multa
355 1616 446 1657 mei
471 1623 604 1658 testes
624 1647 637 1671 ‚
703 1629 813 1670 quae
841 1623 892 1656 tu
927 1615 1009 1657 scis
1030 1647 1043 1672 ,
1099 1609 1341 1657 nesciunt?

236 1777 274 1819 1)
301 1774 456 1812 absolvit
471 1795 517 1803 —-
532 1775 771 1818 condemnat]
790 1773 827 1807 Ιι.
848 1787 880 1806 e.
901 1773 1051 1808 iudicat
1071 1772 1341 1821 quidemillam

191 1819 445 1855 hereditatem
473 1835 497 1854 a
525 1824 657 1855 Dione
689 1822 827 1854 Veneri
857 1821 1049 1866 Erycinae
1079 1833 1154 1853 non
1191 1819 1340 1857 deberi,

190 1865 447 1914 hactenusque
466 1880 548 1900 eum
568 1868 754 1903 absolvit,
785 1865 861 1899 sihi
884 1876 1009 1899 tamen
1025 1867 1139 1899 sumit
1152 1865 1262 1899 illam
1276 1878 1343 1911 pe-

190 1917 366 1950 cuniam,
401 1912 504 1959 quod
527 1924 610 1946 erac
635 1912 738 1946 idem
766 1924 811 1945 ac
839 1918 874 1946 si
894 1913 1062 1946 Dionem
1093 1911 1169 1945 sibi
1203 1910 1340 1945 conde-

185 1967 367 1991 mnassec.

233 2010 270 2041 2)
297 2003 431 2037 Vecilii
453 2004 537 2038 cod.
560 2005 706 2038 Metell.

171 2069 176 2072 -
235 2051 277 2093 3)
300 2051 365 2082 Ita
389 2051 503 2084 codd.
530 2053 659 2084 IVamz.
693 2060 730 2084 et
751 2049 896 2084 Metell.
921 2049 1044 2095 thgo
1075 2048 1121 2083 de
1147 2048 1273 2083 Dione
1295 2067 1342 2075 —

189 2093 241 2128 'de
264 2106 393 2133 socru,
421 2096 523 2142 quod
543 2097 588 2131 de
602 2102 673 2129 etsi
697 2096 857 2129 olibisic
878 2108 902 2128 a
924 2095 1105 2129 Cicerone
1121 2103 1339 2140 usurpatum

192 2140 255 2173 llic
269 2150 395 2173 tamen
407 2142 823 2189 anzhfi⁶1.¹itntenzpar'1‘t,‚
836 2154 945 2188 quum
954 2147 1130 2189 proxime
1140 2141 1217 2174 alio
1233 2152 1342 2175 sen-m

191 2184 334 2220 dictum
358 2188 411 2222 sic
432 2186 478 2222 de
536 2187 630 2222 ionis
658 2188 809 2224 iniuriio.
