1431 2481
227 130 302 170 >144
577 122 635 160 IN
658 124 865 161 VERREM
907 126 1021 161 ACT.
1046 126 1096 162 11.

236 215 558 262 consideranda
587 225 676 273 est,
711 218 815 275 quid
843 234 893 260 ea
911 220 1153 275 sustinere,
1189 221 1297 277 quid
1318 237 1395 280 pa-

233 278 294 329 ti,
314 273 434 330 quid
453 272 630 314 efficere
683 275 787 316 ossit
806 290 855 316 ac
881 274 1052 317 debeat.
1109 275 1395 334 Quamquam

230 331 303 374 ‘illi
329 342 505 386 quoque
532 337 635 371 sunt
697 330 865 372 omines
886 331 940 372 ab
966 331 1048 373 isto
1069 332 1394 376 omni-ratione

229 385 456 430 exinaniti
485 400 534 426 ac
563 386 745 441 perditi:
780 394 930 429 tamen
959 386 1044 430 hoc
1072 387 1196 430 vobis
1213 397 1395 431 est-sta-

228 442 479 495 mendum,
518 441 625 498 quid
651 449 875 484 aratorem
902 443 1050 501 ipsum
1073 444 1284 490 arationis
1312 460 1394 488 no-

229 500 356 542 mine
385 497 585 539 muneris
604 497 651 539 in
679 513 727 539 re
744 498 922 554 publica
948 499 1078 556 fungi
1097 501 1393 547 ac‚‹sustinere

228 554 390 599 velitis.
462 553 698 610 Imponitis
726 554 955 598 decumas:
991 557 1248 620 patiuntur3
1285 557 1392 599 alte-

226 624 335 656 ras:
382 609 660 667 temporibus
700 610 856 652 vestris
889 613 1170 656 serviendum
1207 620 1393 669 putant3

226 661 573 722 ‘dent-emptum
608 673 861 722 praeterea:
908 668 1101 725 dabunt,
1145 668 1390 711 si‘vosetis.

230 725 358 768 Haec
379 737 511 779 quam
532 722 620 763 sint
646 722 795 777 gravia
809 754 820 776 ‚
857 731 901 765 et
919 724 1048 780 quid,
1071 725 1142 767 his
1159 723 1293 767 rebus
1315 726 1390 767 de·

226 780 410 834 tractis,
446 779 588 836 possit
605 778 660 820 ad
680 779 885 821 dominos
906 780 1010 836 puri
1029 795 1078 822 ac
1103 779 1266 836 reliqui
1285 795 1390 838 per-

222 837 385 880 ·venire
404 867 417 891 ‚
478 835 615 876 credo
654 849 730 876 vos
770 849 828 875 ex
861 836 1018 879 vestris
1045 836 1182 878 trebus
1214 837 1391 878 rusticis

224 892 488 935 >coniectura
516 891 686 947 assequi
706 906 848 947 posse.
904 891 1070 935 Addite
1088 907 1207 934 nunc
1231 891 1391 934 eodem

218 949 355 992 istius
375 948 542 1002 edicta,
572 947 797 1001 instituta,
828 947 1036 1004 iniurias3
1065 948 1215 992 addite
1239 947 1391 1004 Apro-

225 1005 290 1048 nii
319 1003 711 1059 Veneriorumque
738 1018 994 1059 servorum,
1042 1005 1091 1047 in
1119 1019 1228 1060 agro
1257 1003 1390 1046 decu-

228 1076 364 1104 mano
402 1075 542 1115 regna
580 1075 630 1101 ac
671 1060 864 1116 rapinas.
949 1060 1235 1117 Quamquam
1278 1059 1389 1101 haee

226 1117 411 1159 omitto:
446 1117 500 1157 de
529 1115 640 1157 cella
666 1116 841 1171 loquor.
919 1115 1129 1159 Placetne
1157 1115 1305 1170 vobis,
1340 1115 1390 1157 in

215 1174 388 1215 -cellam
418 1171 752 1227 magistratibus
776 1172 940 1214 nostris
962 1173 1242 1215 [rumentum
1260 1171 1390 1212 Sicu-

220 1229 292 1271 los
320 1228 456 1283 gratis
476 1223 616 1270 dare?
654 1228 759 1284 quid
777 1226 864 1269 hoc
885 1222 1147 1283 indignius?
1177 1227 1282 1284 quid
1304 1227 1390 1268 ini·
1412 1239 1415 1241 ·

217 1285 356 1341 quius
376 1281 399 1326 ¹?
446 1284 584 1340 Atqui
614 1284 701 1325 hoc
741 1283 896 1324 scitote
917 1314 930 1337 ‚
983 1283 1257 1338 aratoribus,
1300 1282 1390 1325 hoe

219 1345 455 1399 'praetore‚
499 1340 748 1396 optandum
777 1353 827 1380 ac
854 1339 1102 1395 petendum
1127 1338 1276 1381 fuisse.

333 1450 631 1495 LXXXVII.
698 1450 928 1493 Sositheus
951 1457 976 1481 1
1014 1459 1079 1494 est
1106 1451 1385 1508 Entellinus,

220 1509 360 1552 homo
398 1507 659 1564 cumprimis
694 1507 916 1563 prudens,
970 1517 1013 1551 et
1051 1508 1174 1550 domi
1200 1508 1386 1555 nobilis:

220 1567 350 1608 cuius
377 1564 513 1606 verba
542 1563 750 1617 audistis3
786 1563 862 1618 qui
888 1564 945 1605 ad
970 1564 1058 1606 hoc
1086 1563 1303 1613 iudicium
1319 1564 1385 1606 le-

219 1631 349 1678 gatus
377 1619 557 1677 publice
579 1633 681 1660 cum
700 1620 950 1662 Artemone
970 1628 1013 1663 et
1031 1619 1262 1674 Menisco,
1294 1621 1386 1677 pri-

216 1676 372 1720 mariis
401 1675 529 1731 viris,
567 1675 724 1717 missus
753 1682 831 1715 est.
908 1676 949 1718 Is
980 1681 1118 1733 quum
1150 1675 1198 1717 in
1226 1684 1384 1720 senatu

216 1733 448 1777 Entellino
475 1732 619 1773 multa
643 1746 824 1772 mecum
855 1731 907 1774 de
936 1733 1060 1775 istius
1079 1731 1254 1774 iniuriis
1282 1746 1385 1788 age-

217 1798 312 1846 ret,
350 1789 437 1830 hoc
468 1788 605 1833 dixitz
639 1787 675 1829 si
702 1787 788 1829 hoc
817 1787 871 1829 de
900 1788 1013 1830 cella
1040 1796 1172 1844 atque
1199 1787 1283 1829 hac
1308 1785 1382 1830 a'e-

213 1845 471 1892 stimatione
500 1842 845 1899 concederetur,
879 1843 993 1886 velle
1013 1843 1188 1886 Siculos
1205 1843 1380 1886 senatui

249 1898 423 1944 olliceri
442 1900 723 1947 frumentum
745 1899 793 1941 in
812 1899 973 1942 cellam
1022 1899 1154 1954 ratis,
1181 1906 1380 1954 ne'post-

213 1917 298 2000 liae
335 1964 480 1999 tantas
508 1954 719 2013 pecunias
753 1955 1004 2011 magistrati
1037 1971 1086 1998 us
1113 1954 1278 1997 nostris
1304 1954 1380 1996 de-

599 2029 602 2033 ·
1280 2026 1378 2052 cer.-

257 2156 291 2193 1)
314 2152 382 2188 Ita
410 2152 563 2199 scripsit
583 2161 720 2186 nomen
743 2149 815 2185 Izoc
839 2148 1061 2185 Lambinus.
1082 2184 1086 2186 ,
1121 2150 1245 2198 Vulgo,
1274 2147 1375 2184 sosi-

206 2207 335 2238 tentu,
370 2199 477 2232 cuiae
502 2199 714 2243 insolencia
742 2202 826 2233 iure
854 2209 937 2231 eum
967 2195 1141 2246 qffendic.
