1416 2480
412 141 654 180 ANONYMI
676 143 863 180 NOTAE.
1155 151 1221 191 373

174 236 375 285 'duorum
392 248 665 294 praecorum
683 238 940 295 potestate]
969 242 1214 281 potestatem

60 297 186 349 magis
217 297 308 336 ideo
338 297 496 348 posuit,
536 303 582 334 ut
610 304 714 335 esset
742 313 817 351 pro
837 299 1008 338 terroris
1029 299 1216 346 nomine,

60 367 144 392 non
164 368 238 406 pro
258 352 437 392 hominis
458 353 669 405 dignitate.
1061 352 1070 368 ⁶

171 427 230 470 de
249 425 409 484 officio
435 440 479 470 et
501 427 738 485 dignitate
766 429 974 486 decedis]
1023 432 1214 471 Officium

58 494 122 527 est
139 494 251 527 actus
273 489 520 526 conveniens
543 489 864 541 uniuscuiusque
883 504 1094 542 personae.
1138 490 1214 527 Di-

57 545 190 598 gnitas
208 551 354 583 *autem
375 545 569 583 meritum
589 546 801 583 senatoris.

168 632 219 662 uc
256 620 386 677 quod
423 621 507 663 ille
552 618 771 677 dictitat]
817 625 996 664 invisum
1041 624 1211 663 Verrem

56 681 244 719 omnibus
263 681 375 719 facit.

171 745 388 801 aiebant]
410 750 529 788 'Bene
548 750 599 788 ad
619 762 758 786 onmes
778 750 973 798 contulit,
1010 763 1063 786 nc
1079 748 1212 786 inter-

55 812 290 857 rogas-etur,
326 820 352 844 a
379 821 461 858 quo
489 814 594 845 essct
623 805 800 855 dictu-m,
834 807 878 844 iu
910 819 981 844 ore
1011 811 1074 843 est
1099 804 1212 842 omni

57 862 225 912 populo.

170 924 299 981 quod
325 927 474 982 igitur
491 925 774 967 Hortensius
803 938 848 968 et
866 925 1104 980 Metellus]
1135 927 1211 965 Hic

54 985 212 1030 reddit,
247 999 368 1035 quam
397 999 508 1038 spem
538 1000 649 1023 nunc
677 985 824 1024 habeat
851 987 894 1024 in
924 986 1134 1032 manibus,
1169 990 1211 1021 et

54 1041 156 1091 quid
185 1042 392 1080 moliatur.
459 1042 510 1080 Et
537 1049 598 1080 est
626 1043 834 1092 quaestio:
881 1056 933 1080 an
960 1042 1089 1093 possit
1114 1053 1208 1079 reus

3 1127 7 1130 ,
52 1097 207 1134 iudicio
236 1098 403 1135 absolvi.

166 1162 219 1202 in
250 1161 524 1216 quaerendo
558 1165 759 1204 nimiam
787 1162 1086 1220 diligentem]
1135 1163 1211 1201 Hic

51 1220 236 1258 invisum
262 1221 364 1259 facit
382 1221 573 1271 Verrem,
602 1229 635 1263 .'a
662 1236 742 1273 quo
766 1224 1003 1274 repudiatos
1022 1221 1212 1259 nominat

52 1276 221 1315 iudices.
277 1277 372 1315 Non
399 1284 460 1316 est
479 1279 590 1317 enim
609 1278 808 1316 innocens
821 1308 832 1327 ‚
870 1279 940 1330 qui
959 1291 1123 1330 gravem
1142 1276 1209 1313 iu-

54 1331 186 1370 dicem
203 1333 321 1388 fugit.
638 1380 641 1382 ,

56 1399 59 1402 ”
167 1412 304 1456 quem
333 1401 529 1441 minime
558 1399 753 1458 expedit
782 1400 894 1455 esse]
942 1401 1210 1440 Probabimus

53 1462 114 1506 te,
143 1455 335 1510 Caesoni,
363 1458 590 1511 integrum,
628 1472 754 1510 quum
785 1459 974 1511 displices
995 1458 1128 1496 Verri.

165 1532 295 1590 quod
341 1536 396 1576 in
430 1535 640 1578 Iuniano
694 1536 921 1591 consilio]
970 1538 1037 1576 cui
1073 1537 1215 1576 Iunius

51 1592 245 1643 praefuit.

167 1668 212 1699 et
238 1659 559 1711 turpissimum
570 1659 820 1717 facinus]
850 1678 976 1715 quum
1004 1662 1210 1715 Oppiani-

53 1731 148 1755 cum
166 1717 358 1756 veneficii
379 1717 590 1758 Cluentius
612 1727 842 1769 accusaret,
881 1721 994 1757 dedit
1011 1720 1208 1757 maiorem

53 1774 292 1825 pecuniam,
336 1780 378 1812 et
415 1775 630 1814 damnavit
661 1777 794 1814 illum.
862 1776 950 1813 Hoc
989 1773 1210 1812 Caesonius

52 1829 256 1879 prodidit,
302 1835 344 1867 et
363 1829 527 1883 Iunium
556 1834 837 1884 praepositum
866 1831 1060 1878 Quintius
1088 1843 1211 1867 accu—

54 1885 180 1932 savit,
209 1892 354 1923 contra
373 1886 519 1925 Pisone
541 1887 663 1939 Frugi
682 1890 827 1939 posito.
892 1887 996 1925 Nam
1018 1886 1128 1938 quod
1146 1885 1210 1923 di-

56 1938 122 1977 xit
144 1939 489 1994 turpissimam,
531 1958 666 1982 ceram
691 1945 820 1996 tangit
835 1945 1044 1982 insanoem.

166 2030 264 2057 non
295 2016 594 2075 habebimus]
623 2024 718 2074 quia
738 2023 880 2061 aedilis
901 2024 1065 2060 futurus
1085 2027 1158 2059 cst.

167 2081 307 2124 bomo
337 2087 505 2141 tristis]
533 2091 643 2142 quod
670 2090 714 2128 hi
738 2091 892 2129 tribuni
915 2089 1045 2141 plebis
1080 2101 1101 2119 ¹(-
1135 2099 1155 2118 *
1191 2098 1211 2116 >⁶

170 2150 304 2191 ineat
331 2176 386 2185 -—
416 2157 559 2195 nonis
586 2155 893 2209 Decembris]
941 2157 1214 2203 Quaesturam

60 2208 339 2261 intelligimus.
399 2212 503 2251 Nam
532 2229 673 2254 omncs
695 2215 822 2255 ceteri
845 2215 1106 2268 magistratus
1126 2206 1216 2246 Kal.
