1431 2481
191 147 262 193 140
532 144 590 181 ιΝ
614 145 818 181 VERREM
866 131 980 181 AcT.
1005 131 1055 181 114

194 240 275 282 tibi
305 237 495 294 pecunia
525 244 613 292 est,
650 237 846 293 Verre53
890 253 1004 293 una,
1042 251 1130 295 qua
1154 234 1358 281 frumen·

194 303 292 337 tum
325 294 407 337 tibi
434 308 602 335 emeres
633 294 681 335 in
709 295 890 347 cellamg
938 295 1100 349 altera,
1177 309 1234 335 ua
1261 293 1360 336 sru-

195 359 403 392 mentum
432 364 602 390 emeres
634 365 658 390 a
694 350 968 406 civitatibus,
1017 350 1133 407 quod
1207 364 1358 391 ornam

196 406 411 448 mitteres.
468 404 575 446 Tibi
603 406 750 446 datam
768 406 1009 462 pecuniam
1038 405 1159 447 domi
1178 405 1358 462 retines,

197 469 242 503 et
270 470 502 519 praeterea
531 459 769 516 pecuniam
796 477 1085 519 permagnam
1117 468 1194 502 tuo
1215 461 1362 502 nomi-

196 532 254 559 ne
273 517 434 559 aufers.
490 516 574 558 Fac
600 516 717 558 idem
739 517 786 558 in
805 532 857 559 eo
879 517 1131 572 frumento,
1191 517 1281 558 uod
1302 517 1358 559 ad

197 572 418 631 populum
439 572 697 613 Romanum
718 573 934 628 pertinen
963 574 1091 630 exige
1113 532 1268 614 eadem
1289 588 1360 615 ae-

199 628 454 671 stimatione
486 627 724 682 pecuniam
762 643 786 669 a
828 629 1100 684 civitatibus,
1141 636 1186 670 et
1214 629 1360 687 refer,

200 699 334 742 quam
362 683 583 739 accepisti.
640 684 763 725 Tum
789 683 995 726 refertius
1022 685 1108 726 erit
1134 684 1362 729 aerarium

199 739 360 799 populi
387 739 612 794 Romani,
660 755 794 796 quam.
830 753 1043 796 umquam
1076 740 1174 783 fuit.
1258 740 1362 797 „At

202 797 322 839 enim
349 795 482 836 istam
517 795 697 837 rem-in
728 796 907 852 publico
944 795 1173 838 frumento
1208 795 1362 839 Sicilia

201 867 295 894 non
321 851 486 906 feri-ev,
523 850 639 892 hanc
657 866 753 893 rem
772 852 818 893 in
837 867 938 893 meo
957 852 1184 893 frumento
1202 851 1321 894 tulit.
1333 854 1363 877 “

200 906 397 950 Proinde
413 912 432 937 ¹
471 907 595 964 quasi
618 914 695 948 aut
723 909 908 963 aequior
929 908 1084 949 sitista
1114 908 1362 950 aestimatio

202 964 250 1007 in
287 971 391 1018 tuo,
437 976 572 1019 quam
597 962 646 1004 in
681 963 840 1021 populi
872 963 1068 1006 Romani
1103 963 1364 1006 commodo:

203 1027 280 1061 aut
310 1033 360 1060 ea
388 1032 486 1075 res,
523 1033 657 1075 quam
684 1035 767 1076 ego
795 1020 920 1075 dmo,
958 1027 1001 1061 et
1035 1034 1110 1075 ea,
1151 1034 1287 1077 quam
1312 1027 1365 1062 tu

202 1074 371 1130 fecisti,
402 1074 522 1116 inier
551 1090 595 1115 <e
626 1090 789 1131 genere
820 1075 1036 1131 iniuriae,
1075 1090 1168 1117 non
1190 1074 1366 1132 magni-

201 1131 358 1173 tudine
385 1131 599 1187 pecuniae
629 1131 817 1173 differat.
874 1131 1049 1173 Verum
1071 1131 1200 1173 istam
1219 1131 1362 1187 ipsam
1427 1130 1431 1135 ⁴

204 1187 365 1229 cellam
393 1186 513 1228 ferre
539 1186 665 1228 nuno
701 1187 836 1229 modo
874 1195 1085 1243 possunt,
1133 1194 1183 1229 ut
1211 1186 1364 1228 omnia
1413 1229 1417 1231 .

202 1242 517 1298 remittantur,
555 1250 606 1284 ut
632 1242 838 1284 omnibus
865 1240 1040 1284 iniuriis
1067 1249 1112 1284 et
1138 1242 1366 1284 calamita-

204 1297 345 1352 tibus,
383 1312 489 1354 quas
515 1305 558 1339 te
578 1306 785 1354 praetore
804 1298 1030 1353 tulerunt,
1066 1297 1112 1339 in
1131 1305 1364 1354 posterum

201 1353 477 1408 liberentur3
513 1353 644 1395 istam
674 1369 718 1395 se
741 1354 899 1395 cellam
926 1361 1057 1409 alque
1078 1353 1210 1395 istam
1235 1351 1366 1396 aesti-

203 1409 449 1452 mationem
466 1416 631 1466 negant
649 1410 742 1451 ullo
759 1409 894 1451 modo
909 1416 930 1438 2
959 1409 1078 1451 ferre
1108 1423 1250 1466 posse.

313 1520 634 1564 LXXXVIII.
673 1521 820 1563 Multa
843 1521 1088 1579 Sophocles
1104 1519 1366 1579 Agrigentiv

201 1593 287 1621 nus
305 1578 425 1633 apud
444 1577 525 1620 Cn.
549 1577 813 1634 Pompeium
833 1577 1063 1619 consulem
1081 1592 1252 1633 nuper,
1279 1577 1363 1619 ho-

202 1648 283 1685 mo
304 1633 643 1689 disertissimus,
681 1642 723 1675 et
752 1633 875 1675 omni
904 1633 1106 1675 doctrina
1132 1640 1177 1675 et
1197 1633 1363 1677 virtute

205 1689 512 1732 ornatissimus
525 1721 538 1745 ,
566 1705 651 1746 pro
670 1697 764 1731 tota
785 1689 938 1731 Sicilia
959 1689 1012 1731 de
1031 1697 1263 1732 aratorum
1280 1689 1365 1731 mi-

202 1744 328 1787 seriis
354 1745 553 1800 graviter
582 1761 631 1787 ac
661 1745 840 1802 copiose
859 1745 1021 1800 dix-isse
1043 1760 1093 1787 ac
1111 1745 1362 1803 deplorasse

204 1800 382 1842 dicitur.
473 1800 548 1842 Ex
577 1801 734 1857 quibus
757 1800 878 1855 hoc,
904 1801 991 1854 iis,
1039 1801 1116 1857 qui
1151 1801 1362 1856 aderant,

204 1853 328 1914 (nam
355 1871 521 1913 magno
548 1865 773 1901 conventu
794 1866 892 1899 acta
909 1861 981 1899 res
1000 1855 1115 1917 est‚)
1148 1856 1362 1913 indignis·

250 2094 289 2141 ι)
321 2093 476 2142 perinde
504 2095 652 2141 aliquot
678 2093 765 2134 edd,
796 2105 891 2135 vect,
913 2090 1014 2135 Lall,
1042 2105 1078 2129 et
1105 2092 1157 2128 nl.
1212 2139 1214 2141 Ι

241 2162 282 2209 2)
310 2163 370 2197 Sic
388 2160 482 2202 Ald,
506 2164 658 2202 Manat,
679 2157 773 2204 Em,
824 2165 950 2212 Vulgo
969 2163 1076 2199 istam
1094 2175 1135 2199 se
1160 2161 1292 2198 cenam
1314 2146 1360 2188 -2

195 2219 328 2254 negant
349 2220 388 2243 oe
408 2209 484 2242 ullo
507 2207 635 2243 modo.
1217 2216 1221 2219 '
1276 2214 1283 2220 '
