1431 2481
226 142 293 177 262
562 141 620 181 IN
645 146 851 186 VERREM
887 151 997 194 ACT.
1021 154 1077 191 Π.
1126 173 1131 181 ·

164 257 174 268 .
215 232 341 289 soro,
409 248 518 278 uum
543 238 634 280 iam
653 241 1063 304 advesperasceret,
1094 249 1386 299 discessimus.

215 285 366 332 Postri
399 292 439 333 ie
467 309 599 336 mane
624 296 678 337 ab
707 313 759 339 eo
779 303 983 359 postulo,
1022 313 1073 347 ut
1092 306 1388 363 Syracusanis

213 342 374 388 liceret
403 358 581 392 senatus
613 355 891 413 consultum,
943 361 1062 424 quod
1087 364 1234 418 pridie
1261 367 1391 410 fecis-

215 409 338 459 sent,
380 404 494 446 mihi
522 407 725 451 reddere.
782 411 863 454 Ille
892 429 1121 460 enimvero
1150 431 1308 479 negat3
1343 432 1388 467 et

217 457 301 512 ait,
331 459 569 516 indignum
587 461 761 508 facinus
782 482 888 525 esse,
919 472 1038 528 quod
1058 489 1141 531 ego
1163 476 1210 519 in
1229 488 1387 523 senatu

215 512 391 557 Graeco
429 518 563 559 verba
599 519 835 578 fecissem3
892 528 1012 583 quod
1043 531 1226 597 quidem
1266 537 1388 593 apud

213 569 413 613 Graecos
446 573 619 617 Graece
649 577 825 621 locutus
854 596 1016 652 essem3
1057 587 1103 628 1d
1122 587 1231 631 ferri
1256 593 1384 636 nullo

213 626 352 669 modo
380 643 524 685 posse.
581 632 813 690 Respondi
838 637 1036 698 homim,
1078 651 1126 685 ut
1152 648 1305 702 potui,
1332 656 1386 691 ut

207 682 357 741 volui,
403 694 454 727 ut
481 686 626 729 debui.
687 689 870 746 Quum¹
913 696 1078 754 multa,
1122 707 1220 742 tum
1247 705 1385 747 etiam

208 736 295 779 hoc
316 755 387 781 me
409 743 597 784 memini
617 745 789 802 dicere,
816 748 947 792 facile
969 767 1059 795 esse
1111 759 1382 816 erspicuum,

194 803 426 850 quantum
454 799 574 840 inter
606 800 755 859 hunc,
824 814 868 847 et
895 807 1027 851 illum
1105 814 1381 872 umidicum‚

203 862 364 893 verum
393 861 436 895 et
463 869 732 911 germanum
753 860 993 905 Metellum
1020 865 1265 912 interesset.
1321 872 1383 914 11-

200 904 301 947 lum
328 909 525 952 nolu-isse
554 928 632 954 sua
655 914 912 961 laudatione
941 920 1095 964 iuvare
1122 923 1178 966 L.
1207 925 1382 970 Lucul-

200 960 295 1005 lum
309 995 322 1019 ,
363 967 529 1008 sororis
548 968 720 1021 virum,
751 974 935 1028 quicum
956 978 1126 1034 optime
1147 984 1379 1026 convenis-

198 1026 289 1074 set3
346 1020 466 1063 hunc
505 1023 678 1067 homini
716 1028 1018 1090 alienissimo,
1071 1049 1095 1076 a
1123 1036 1376 1082 civitatibus

195 1073 480 1120 laudationes
526 1096 609 1138 per
644 1083 734 1125 vim
785 1094 830 1128 et
874 1097 1047 1132 metum
1097 1107 1393 1151 comparare.⁴

196 1129 334 1185 Quod
357 1134 435 1175 ubi
455 1134 675 1196 intellexi,
708 1143 902 1186 multum
926 1147 1046 1203 apud
1065 1148 1196 1190 illum
1215 1165 1373 1193 recen-

194 1193 260 1228 tes
290 1190 496 1248 nuntios,
533 1195 731 1238 multum
761 1199 933 1243 tabulas
964 1217 1054 1245 non
1086 1207 1372 1249 commenda-

191 1242 343 1299 ticias,
372 1247 450 1288 sed
468 1249 728 1294 tributarias
753 1256 963 1304 valuisse:
992 1259 1229 1304 admonitu
1251 1262 1370 1318 ipso-

191 1313 297 1341 rum
317 1301 708 1361 Syracusanorum
742 1310 965 1366 impetum
1003 1315 1050 1356 in
1085 1331 1158 1357 eas
1194 1317 1369 1362 tabulas

189 1353 335 1412 facio,
382 1359 429 1400 in
462 1361 621 1416 quibus
645 1374 823 1408 senatus
853 1370 1088 1412 consulta²
1116 1374 1368 1473 perscriffa

191 1421 333 1454 erant.
392 1414 511 1458 Ecce
531 1426 682 1461 autem
701 1436 816 1463 nova
835 1424 968 1467 turba
987 1435 1120 1484 atque
1138 1430 1252 1471 rixa.
1341 1448 1364 1474 e

185 1473 341 1510 tamen
376 1471 513 1514 istum
552 1477 737 1518 omnino
776 1478 1012 1535 Syracusis
1054 1484 1149 1525 sine
1185 1487 1364 1544 amieis,

184 1522 281 1564 sine
301 1525 575 1585 hospitibus,
603 1531 736 1587 plane
754 1535 926 1576 nudum
955 1554 1046 1580 esse
1065 1555 1116 1581 ac
1135 1540 1367 1586 desertum

185 1581 378 1633 putetis:
425 1585 620 1627 retinere
654 1603 732 1630 coe
769 1589 803 1630 it
829 1591 1002 1635 tabulas
1027 1595 1361 1642 Theomnastus

184 1635 393 1691 quidam,
430 1638 568 1683 homo
592 1605 782 1687 ridicui'e
809 1648 1015 1705 insanus,
1063 1667 1197 1707 quem
1223 1654 1360 1711 Syra·-

183 1693 338 1733 cusani
358 1693 667 1740 Theoractum
695 1711 882 1755 vocant3
917 1706 993 1761 qui
1016 1708 1110 1749 illic
1135 1709 1355 1754 eiusmodi

180 1755 271 1802 est,
304 1757 355 1790 ut
375 1765 477 1792 eum
501 1755 630 1808 pueri
652 1765 902 1816 sementum
932 1770 982 1802 ut
1008 1777 1187 1820 omnes,
1215 1781 1355 1822 qutun

178 1800 305 1859 loqui
337 1810 558 1864 coeperit,
608 1812 840 1856 irrideant.
927 1817 1076 1861 Huius
1107 1827 1257 1863 tamen
1284 1822 1355 1864 in-

180 1859 328 1914 sauia,
366 1877 476 1918 quae
507 1866 699 1909 ridicula
727 1879 792 1912 est
821 1873 939 1928 aliis,
986 1875 1100 1917 mihi
1126 1883 1227 1918 tum
1254 1893 1353 1920 mo·-

176 1913 288 1958 lesia
321 1933 424 1959 sane
451 1919 550 1962 fuit.
608 1923 730 1967 Nam
761 1943 899 1985 quum
924 1945 1103 1986 spumas
1132 1941 1283 1988 ageret
1302 1934 1351 1977 in

177 1984 278 2025 ore,
328 1974 539 2018 arderent
571 1981 714 2037 oculi,
766 1998 875 2026 voce
912 1986 1111 2028 maxima
1149 1989 1244 2031 vim
1275 2005 1349 2033 me

175 2025 261 2068 sibi
287 2029 448 2072 afferre
477 2033 717 2079 clamaret:
757 2041 955 2097 copulati
974 2041 1023 2084 in
1049 2043 1117 2085 ius
1141 2046 1350 2102 perveni-

228 2146 258 2179 1)
285 2143 478 2190 Rescripsi
499 2160 607 2194 quum
628 2163 699 2195 pro
720 2153 827 2199 vulg.
851 2162 941 2189 tum.
991 2155 1062 2191 Est
1086 2169 1214 2194 autem
1235 2172 1345 2208 quum

173 2186 290 2220 multa
320 2187 355 2222 Ιι.
376 2191 402 2227 l,
427 2191 652 2240 dictumpro
678 2210 788 2244 quum
810 2199 880 2233 alia
912 2202 1038 2237 multa.

218 2232 259 2283 2)
286 2238 344 2267 ita
364 2236 538 2271 Lambm
565 2244 629 2287 qni
652 2247 690 2276 ln
713 2258 787 2278 ιιιιο
809 2246 941 2282 codice
960 2252 1120 2286 invenit.
1143 2250 1182 2293 S,
1196 2256 1237 2288 C·
1259 2264 1344 2302 per·

174 2287 410 2326 ocupserant·
463 2283 588 2333 Vulgo
619 2286 775 2335 singula.
