1416 2480
297 137 442 177 unm
467 134 711 184 QUINTUS.
759 135 867 173 car.
896 147 952 184 72.
1156 145 1232 181 3133

50 236 267 289 demtum
301 247 413 290 quae
442 228 496 273 ab
525 229 609 272 isto
641 242 731 271 uno
764 229 825 270 sic
853 228 1030 286 polluta
1059 237 1104 271 et
1129 229 1232 274 vic»,-

49 293 142 336 lata
162 298 289 346 sunt,
325 298 376 331 ut
392 286 684 330 simulacrum
703 285 879 328 Cereris
898 301 1038 328 unum
1053 317 1065 340 ,
1102 288 1231 343 quod

51 364 79 392 a
102 347 201 391 viro
229 361 323 389 non
340 344 463 387 modi
485 342 631 406 tangi,
668 342 745 384 sed
765 357 820 384 ne
840 341 1009 400 adspici
1039 344 1231 398 quidem

50 403 118 447 fas
138 403 242 458 fuit,
269 400 502 445 esacrario
525 398 708 440 Catinae
732 398 1076 442 convellendum
1098 415 1230 443 aver·-
1284 427 1286 430 >

51 460 326 516 tendumque
343 463 361 487 ¹
394 454 640 509 curaverit,
677 455 867 496 alterum
893 463 1042 497 antem
1065 455 1227 502 Ennau

53 532 112 559 ex
129 531 209 559 sua
225 516 327 558 sede
348 529 396 555 ac
419 513 553 554 domo
573 511 826 566 sustulerit,
863 513 981 568 quod
1004 520 1100 554 erut
1119 513 1227 572 tale,

54 582 105 616 ut
122 571 352 627 homines,
390 583 528 626 quum
548 568 776 624 viderent,
813 576 889 610 aut
908 568 1049 625 ipsam
1069 570 1225 615 videre

52 645 98 673 se
119 630 349 681 Cererem,
379 634 456 668 aut
474 624 667 680 effigiem
691 623 883 681 Cereris,
912 640 1005 667 non
1024 625 1226 672 humana

52 699 191 728 manu
214 684 406 738 factam,
444 682 521 723 sed
550 682 676 723 coelo
695 681 922 738 delapsam
951 681 1227 727 arbitraren-

51 742 151 798 tur,
189 756 266 783 vos
286 741 420 782 etiam
441 746 573 795 atque
595 737 728 779 etiam
748 738 943 795 imploro
964 747 1008 780 et
1027 741 1225 799 appello,

53 797 356 843 sanctissimae
384 796 513 850 deae,
561 809 672 852 quae
700 794 801 836 illos
829 794 1061 837 Ennenses
1100 796 1224 842 lacus

52 855 267 911 lucosque
299 852 502 907 colitis,2
554 858 828 907 cunctaeque
856 850 1059 908 Siciliae,
1108 861 1223 910 quae

53 910 168 953 mihi
203 909 484 952 defendenda
520 908 684 950 tradita
720 916 816 961 est,
863 909 1150 966 praesidetis,
1195 926 1223 954 a

54 966 241 1024 quibus,
276 966 467 1008 inventis
493 964 722 1020 frugibus,
755 972 799 1005 et
829 964 876 1006 in
904 964 1061 1007 orbem
1080 974 1224 1010 terra-

53 1037 160 1065 rum
190 1022 464 1076 distributis,
503 1035 656 1063 omnes
682 1028 836 1077 gentes
851 1036 900 1062 ac
925 1021 1129 1065 nationes
1148 1038 1226 1067 ve-

54 1080 139 1122 stri
175 1079 392 1135 religione
430 1077 627 1121 numinis
665 1077 990 1134 continentur3
1048 1087 1224 1123 ceteros

54 1135 165 1178 item
186 1135 317 1191 deos,
358 1135 548 1190 deasque
577 1147 731 1175 omnes
759 1133 953 1190 imploro
982 1142 1114 1191 atque
1142 1137 1223 1180 ob-

54 1198 218 1245 testor,
264 1196 459 1248 quor'um
492 1190 674 1247 templis
711 1197 755 1231 et
786 1190 1078 1247 religionibus
1112 1193 1224 1250 iste,

55 1247 231 1290 nefario
259 1246 455 1304 quodam
473 1246 647 1291 zfurore
675 1253 720 1288 et
748 1246 932 1289 audacia
960 1247 1224 1306 instinctus,

55 1302 227 1346 bellum
254 1303 521 1361 sacrilegum
548 1317 727 1359 semper
752 1301 1031 1360 impiumque
1061 1303 1223 1348 habuit

54 1358 300 1402 indictum:
346 1367 423 1415 ut,
469 1359 580 1401 siin
604 1350 695 1401 ¹hoc
729 1373 832 1413 ree,
881 1367 1012 1416 atque
1053 1359 1100 1403 in
1136 1361 1223 1404 hac

56 1429 211 1470 causa,
259 1415 409 1458 omnia
440 1430 539 1458 mea
567 1415 754 1458 consilia
780 1415 836 1457 ad
862 1415 1052 1458 salutem
1079 1418 1224 1461 socio-

54 1485 184 1527 rum,
223 1472 488 1529 dignitatem
514 1471 675 1529 populi
693 1471 915 1528 Romani,
962 1470 1224 1518 fidemme-

57 1541 129 1569 am
151 1536 489 1585 spectaverunt3
526 1527 561 1570 si
588 1526 793 1570 nullam3
825 1527 882 1570 ad
907 1542 1030 1584 rem,
1059 1529 1145 1574 nisi
1163 1529 1222 1574 ad

55 1583 259 1627 officium
288 1592 331 1627 et
357 1584 593 1627 veritatem
622 1597 777 1626 omnes
802 1598 928 1626 meae
962 1599 1120 1641 curae,
1158 1587 1225 1630 vi·

56 1638 216 1694 giliae,
246 1640 626 1698 cogitationesque
648 1640 962 1683 elaborarunt:
987 1655 1099 1696 quae
1121 1658 1223 1687 mea

54 1708 183 1737 mens
201 1695 250 1737 in
269 1696 548 1752 suscipienda
567 1710 699 1739 causa
717 1695 818 1750 fuit,
841 1696 948 1738 fides
968 1696 1015 1737 in
1035 1699 1221 1755 agenda,

57 1750 214 1793 eadem
242 1760 414 1807 vestra,
450 1751 640 1807 iudices,
685 1751 733 1793 in
758 1748 996 1794 iudicanda
1023 1753 1102 1809 sit,
1147 1754 1224 1796 de-

55 1805 192 1863 nique
220 1807 287 1849 uti
316 1808 365 1849 C.
394 1807 612 1862 Verrem,
657 1807 694 1849 si
718 1808 811 1850 eius
839 1807 992 1850 omnia
1020 1817 1126 1852 sunt
1154 1811 1224 1853 in-

56 1862 208 1905 audita
245 1871 290 1905 et
327 1863 569 1920 singularia
604 1862 806 1905 facinora
838 1863 1040 1919 sceleris,
1087 1867 1225 1908 auda-

57 1917 174 1975 ciae,
211 1920 451 1977 perfidiae,
498 1919 721 1975 libidinis,
760 1920 994 1975 avaritiae,
1031 1922 1225 1964 crudeli·

106 2111 146 2157 1)
176 2113 322 2153 Graev,
349 2127 370 2147 e
399 2112 486 2149 cod.
515 2114 606 2160 Reg.
636 2112 992 2161 conferendumque.

101 2167 144 2214 a)
171 2168 306 2204 Lamb.
332 2183 352 2203 e
371 2172 447 2206 Me.
475 2170 652 2205 incolitiu.

101 2229 139 2266 3>
166 2227 276 2261 Grac.
301 2236 340 2261 et
363 2228 506 2262 Graev.
536 2229 637 2262 male
664 2228 695 2262 ni
725 2227 854 2264 ullam.
