1441 2470
346 144 491 183 mmm
515 144 716 182 PRIMUS.
761 147 866 184 CAP.
887 153 945 192 ²3·
967 152 1028 195 24.
1221 169 1266 207 77

87 241 200 300 isto,
226 236 422 296 iudices,
451 239 539 282 hoc
557 253 726 283 novum
747 242 992 298 reperietis.
1017 243 1267 305 Audimusj
1315 240 1319 245 ¹

76 301 288 358 ·aliquem
315 296 489 340 tabulas
523 311 635 340 num
670 312 774 338 uam
805 297 1082 344 confecisse:
1148 319 1264 359 <fuae

90 365 159 400 est
188 355 341 413 opinio
367 353 607 395 hominum
667 367 690 394 e
715 353 919 396 Antonio
950 355 1072 399 falsa.
1137 359 1265 406 Nam.

90 406 199 457 fecit
225 408 579 468 diligentissime.
638 409 818 451 Verum
838 411 895 452 sit
918 411 1004 454 hoc
1023 429 1164 469 genus
1184 418 1267 460 ah·-

93 468 212 528 quod
238 466 426 510 minime
488 464 755 509 robandum.
839 466 1086 526 Audimus,
1122 473 1263 518 alium

92 540 186 568 non
213 524 268 567 ab
297 522 427 565 initio
475 521 632 577 ecisse,
687 521 766 563 sed
793 537 850 566 ex
876 531 1083 582 tempore
1112 528 1264 587 aliquo

91 579 348 624 confecisse.
431 578 515 620 Est
543 577 691 634 aliqua
718 579 855 620 etia-m
884 578 1070 625 huiusce
1097 585 1164 626 rei
1193 602 1267 629 ra-

89 638 170 680 tio.
226 637 328 679 Hoc
354 650 463 679 vero
491 648 659 677 novum
680 643 724 676 et
743 635 988 679 ridiculum
1016 647 1105 695 est,
1140 644 1265 699 quod

90 693 166 737 hic
193 693 323 736 nobis
351 690 610 748 respondit,
646 706 787 746 quum
815 691 870 733 ab
900 708 953 735 eo
981 695 1154 739 tabulas
1216 715 1267 742 0-

91 750 382 793 stularemus:
409 762 549 804 usque
567 747 623 788 ad
642 748 708 789 M.
729 745 999 792 Terentium
1023 760 1066 793 et
1085 754 1135 795 C.
1157 756 1266 798 Las-

90 806 209 849 sium
237 805 472 848 consules¹
503 802 807 859 confecisse-‚2
845 813 1001 861 postea
1030 809 1276 854 destitisse.

89 863 198 904 Alio
217 863 342 916 loco,
374 860 462 902 hoc
483 859 736 901 cuiusmodi
755 861 833 915 sit,
865 864 1264 911 considerabimus.

92 918 231 960 Nunc
260 917 375 959 nihil
402 917 458 958 ad
483 929 557 956 me
578 916 749 957 attinet.
804 916 989 959 Horum
1008 921 1130 963 enim
1146 931 1264 966 tem·-

128 989 285 1027 orum,
329 973 377 1015 in
405 971 563 1028 quibus
589 986 710 1013 nunc
738 987 916 1029 versor,
961 973 1107 1019 habeo
1132 980 1264 1023 tabu-

113 1045 188 1085 RS,
225 1038 270 1071 et
295 1038 416 1083 tuas,
464 1035 506 1070 et
533 1028 686 1084 patris.
772 1028 976 1072 Plurima
1005 1032 1132 1088 signa
1160 1037 1266 1092 pu]-

96 1084 336 1140 cherrima,
365 1084 583 1141 plurimas
603 1083 775 1126 tabulas
795 1087 989 1141 optimas
1005 1087 1266 1145 deportasse

95 1150 164 1198 te,
210 1156 375 1198 negare
412 1155 505 1182 non
537 1148 686 1194 potes:
732 1147 863 1195 atque
898 1142 1070 1185 utinam
1105 1147 1265 1203 neges!

93 1197 253 1240 Unum
281 1197 463 1239 ostende
500 1195 549 1237 in
577 1195 741 1236 tabulis
781 1204 858 1237 aut
891 1198 980 1239 tuis
1007 1208 1084 1242 aut
1122 1206 1265 1259 patris

92 1251 163 1295 tui
192 1260 397 1310 emptum
425 1264 539 1294 esse:
583 1252 740 1293 vicisti.
823 1252 897 1295 Ne
933 1253 1042 1297 haec
1080 1259 1264 1315 quidem

94 1309 184 1352 duo
211 1310 338 1367 signa
365 1307 694 1367 pulcherrima,
732 1324 842 1365 quae
867 1325 987 1352 nunc
1022 1314 1078 1354 ad
1097 1315 1264 1372 implu-

92 1367 219 1408 vium
245 1367 376 1408 t'uum
402 1373 543 1419 stant,
589 1379 701 1420 quae
723 1366 890 1407 multos
922 1382 1063 1411 annos
1093 1371 1149 1412 ad
1172 1373 1265 1414 val-

68 1441 72 1443 ·
93 1436 170 1465 vas
198 1422 383 1464 Iunonis
403 1421 578 1463 Samiae
598 1428 842 1477 steterunt,
874 1423 1012 1465 habes
1033 1429 1263 1482 quomodo

94 1479 283 1531 emeris3
319 1478 453 1533 haec,
490 1478 698 1534 inquam,
729 1478 844 1534 duo,
883 1494 994 1536 quae
1012 1481 1061 1523 in
1080 1484 1264 1527 aedibus

94 1535 182 1576 tuis
211 1534 305 1576 sola
332 1535 421 1576 iam
441 1542 568 1589 sunt,
604 1548 716 1590 quae
736 1544 958 1577 sectorem
985 1548 1264 1597 exspectant,

91 1591 251 1633 relicta
267 1604 317 1633 ac
338 1591 549 1633 destituta
567 1606 593 1632 a
622 1591 781 1633 ceteris
808 1592 960 1649 signis.

202 1702 390 1746 XXIV.
425 1704 517 1759 At,
564 1703 723 1759 credO,
761 1704 810 1746 in
848 1705 971 1749 hisce
998 1708 1102 1750 solis
1130 1710 1265 1754 rebus

94 1759 336 1802 indomitas
355 1760 620 1813 cupiditates
642 1769 772 1816 atque
792 1761 1029 1805 effrenatas
1049 1763 1265 1810 habebat:

98 1825 272 1858 ceterae
300 1816 508 1858 libidines
539 1817 632 1858 eius
660 1817 834 1859 ratione
862 1819 1012 1875 aliqua
1031 1828 1108 1862 aut
1125 1823 1264 1865 modo

97 1872 458 1915 continebantur.
545 1873 696 1928 Quam
724 1874 879 1916 multis
907 1874 1044 1916 istum
1075 1879 1259 1932 pueris³

95 1927 329 1986 ingenuis,
365 1940 500 1985 quam
530 1928 685 1970 multis
711 1929 933 1972 matribus
959 1931 1176 1991 familiam,
1214 1935 1264 1978 in

145 2080 180 2118 ι)
205 2071 545 2125 nsquelconsules]
561 2079 590 2113 ἰ.
612 2089 645 2113 e.
665 2081 716 2113 A.
744 2079 885 2121 12:630.
906 2093 979 2127 quo
1001 2093 1104 2118 anno
1127 2084 1267 2120 Verres

98 2130 167 2166 pro
184 2133 364 2167 praetore
391 2129 431 2157 in
452 2125 626 2158 Siciliam
648 2126 758 2164 abiit.

144 2170 182 2207 2)
204 2180 244 2202 ee
267 2169 474 2204 confecisse
496 2170 675 2204 Lambin.

144 2217 181 2254 Ξ)
206 2213 266 2249 δίο
293 2215 470 2250 Lambin.
497 2215 613 2263 Vulg.
640 2218 831 2252 omieticur
850 2214 988 2265 pueris.
