1420 2491
161 176 225 212 150
273 170 331 205 IN
351 168 562 204 VERREM
588 169 775 207 Aer-11.
802 150 948 206 mmm
973 168 1257 205 SECUNDUS.

166 268 256 315 dem
289 267 466 306 iniurias
497 266 690 307 Heraclio
716 273 760 305 et
789 266 976 319 Epicrati
1007 267 1136 306 saetas
1165 268 1352 317 rescidit,

168 325 308 375 eisque
327 325 435 362 bona
449 354 457 369 ‚
496 337 600 375 quae
619 323 786 362 restitui
805 330 994 376 possent,
1024 324 1224 364 restituit.
1274 326 1351 363 At-

167 387 308 419 tamen
336 394 466 432 quum
489 380 634 419 Cicero
660 381 705 418 ir.
726 380 912 419 Siciliam
934 381 1136 429 venisset,
1179 387 1353 433 repente

173 443 363 481 mutatus
383 444 463 484 est,
493 436 683 489 dixitque
702 450 743 475 se
765 437 906 475 omnia
922 437 1066 475 Verris
1092 451 1214 476 causa
1234 438 1357 486 vesse,

172 507 251 542 nec
270 494 455 546 Epicrati
475 499 517 531 et
537 492 731 532 Heraclio
750 493 942 546 permisit
960 500 1007 531 ut
1028 493 1201 532 Romam
1221 493 1273 532 ad
1292 499 1356 532 te-

174 551 420 588 stimonium
448 550 672 588 dicendum
701 551 865 588 abirent
893 564 925 587 c.
948 550 1014 589 26.
1084 556 1122 588 li.
1161 550 1356 589 Heraclio

177 606 475 658 Centuripino,
513 621 535 644 a
557 621 637 658 quo
660 606 765 643 4:435·
787 608 817 644 C
837 607 968 644 millia
1001 620 1075 659 per
1104 607 1358 645 calumniam

174 664 458 714 malitiamque
486 664 616 716 petita
641 669 761 701 erant
785 662 883 711 CCC
903 664 1037 703 millia
1071 662 1361 715 extorquenda

178 727 340 758 curavit
366 734 399 757 c.
419 733 486 771 27.

289 832 375 871 Iam
423 833 584 870 accedit
632 839 774 871 orator
820 833 872 870 ad
918 846 1062 872 rerum
1117 831 1360 884 capitalium

179 889 453 941 quaestiones,
538 889 603 926 Ex
628 889 695 926 his
729 903 762 930 1.
798 895 996 927 narratur
1040 903 1163 927 causa
1192 887 1364 940 Sopatri

124 988 135 997 .
180 945 463 996 Halicyensis,
503 959 624 996 quem
655 945 890 993 hominem,
937 946 1227 993 innocentem,
1276 959 1299 983 a
1319 944 1366 984 C.

180 1001 406 1039 Sacerdote
435 1003 694 1048 absolutum,
731 1002 890 1039 indicta
917 1016 1038 1039 causa
1068 1001 1366 1040 condemnavit

181 1072 214 1096 6.
226 1059 406 1098 28—53.
438 1072 475 1097 2.
488 1059 649 1097 Deinde
663 1058 827 1097 Sthenii
840 1058 1117 1106 Thermitani,
1132 1058 1199 1096 cui
1218 1058 1365 1105 iratus,

181 1114 293 1165 quod
305 1116 384 1153 sibi
397 1129 524 1167 quum
538 1121 808 1154 monumenta
819 1116 934 1153 urbis
945 1115 1105 1166 patriae
1116 1115 1264 1152 tollere
1274 1114 1368 1152 vel-

181 1170 253 1218 let,
276 1172 445 1210 sortiter
457 1172 692 1219 restitisset,
712 1171 943 1222 hospitium
953 1171 1226 1217 renuntiavit,
1247 1179 1368 1210 eum-⁴

183 1241 276 1278 que,
307 1241 435 1278 quum
456 1227 643 1278 pericula
664 1226 937 1270 confictorum
960 1227 1185 1265 criminum
1204 1227 1367 1264 vitatu-

183 1297 256 1324 rus
288 1283 460 1324 Romam
488 1284 761 1335 profugisset.
801 1284 1013 1320 absentem
1046 1282 1135 1321 sine
1166 1283 1368 1330 crimine,

180 1339 274 1385 sine
297 1346 419 1389 teste,
449 1340 538 1377 sine
558 1346 797 1378 accusatore
817 1339 1047 1388 damnavit,
1078 1351 1109 1377 6.
1135 1339 1253 1380 34—
1269 1340 1339 1390 47.

299 1452 542 1515 Sequuntur
560 1452 704 1491 Verris
725 1453 904 1491 crimina
934 1466 987 1490 ex
1017 1452 1110 1491 aliis
1134 1451 1370 1504 generibus.

186 1506 222 1549 A
259 1509 402 1547 multis
439 1511 491 1547 ob
535 1510 600 1547 ius
632 1509 861 1552 dicundum
898 1510 1097 1561 pecunias
1136 1508 1297 1560 accepit
1333 1522 1369 1546 6.

187 1567 255 1603 48.
322 1564 510 1604 Honores
541 1566 755 1613 vendidit,
786 1573 830 1603 ut
859 1566 1115 1604 senatorium
1142 1578 1297 1604 nomen
1327 1571 1370 1603 et

185 1622 328 1665 locum
360 1635 393 1660 6.
414 1624 479 1675 49.
502 1622 588 1670 50.,
618 1623 881 1673 magistratus
914 1622 1151 1661 curationes
1171 1627 1214 1660 et
1231 1634 1372 1661 sacer-

189 1678 305 1716 dotia
334 1692 366 1715 6.
389 1679 436 1717 51
456 1699 498 1706 -ν
522 1678 586 1716 56.
639 1678 843 1730 &lagnam
871 1679 1095 1731 pecuniam
1132 1692 1156 1719 a
1185 1677 1373 1721 civitati-

187 1736 265 1780 bus
307 1741 539 1773 statuarum
575 1735 745 1774 nomine
783 1736 921 1787 exegit
972 1749 1005 1772 c.
1036 1736 1101 1786 57.
1213 1733 1373 1782 Quam-

193 1804 340 1841 quam,
372 1791 405 1829 si
429 1792 520 1842 quis
547 1797 779 1830 statuarum
805 1791 965 1830 honore
995 1792 1193 1840 ducatur,
1231 1797 1374 1832 tamen

192 1860 270 1886 nec
308 1847 477 1886 domum
506 1854 692 1886 avertere
733 1850 953 1899 pecuniam
1001 1849 1127 1887 liceat
1163 1862 1197 1890 c.
1227 1847 1291 1889 58.
1330 1853 1373 1885 et

189 1903 378 1955 ipsarum
389 1910 621 1942 statuarum
633 1904 780 1942 modus
791 1905 959 1955 quidam
968 1904 1184 1943 habendus
1195 1905 1251 1943 sit
1261 1917 1295 1941 c.
1307 1903 1375 1956 59.

194 1960 375 2010 denique
396 1961 448 1998 ab
466 1961 612 1998 invitis
627 1961 737 2012 exigi
755 1967 911 1999 statuas
934 1975 1019 1999 non
1043 1967 1244 2013 oporteat.
1265 1959 1375 1998 Ver-

194 2028 286 2054 rem
307 2022 447 2054 autem
467 2023 623 2055 statuas
645 2018 695 2055 ab
714 2018 860 2055 invitis
881 2018 1116 2056 aratoribus
1138 2031 1174 2061 c.
1192 2016 1295 2056 60-
1308 2015 1376 2064 62,

198 2078 241 2108 et
261 2073 310 2109 ab
330 2073 478 2111 invitis
496 2073 736 2112 civitatibus
758 2072 925 2117 Siciliae
947 2074 1130 2126 exegisse
1148 2087 1182 2112 6.
1195 2071 1375 2125 63-69.

198 2128 524 2167 demonstratur.
602 2129 747 2182 Neque
773 2143 875 2170 vero
903 2129 1079 2169 Verrem
1108 2130 1188 2169 hac
1213 2129 1378 2168 ratione
1416 2127 1420 2130 ⁴

197 2197 240 2221 se
272 2185 494 2222 uesendere
522 2200 640 2237 posse
672 2187 927 2234 ostenditur,
966 2187 1081 2237 quod
1097 2187 1210 2239 apud
1236 2184 1380 2238 publi-

196 2242 555 2293 eanosgratiosus
584 2243 728 2283 suerit.
786 2243 885 2286 Eius
905 2243 1018 2284 enim
1035 2243 1101 2283 rei
1117 2243 1265 2286 salsam
1285 2254 1381 2295 spe·
