1420 2491
156 132 221 170 143
268 126 325 161 IN
345 124 554 161 VERREM
581 125 693 162 ACT.
715 126 764 161 11.
791 126 935 162 LIBER
962 124 1245 181 SECUNthsg

159 223 218 263 rei
252 223 444 274 publicae
473 223 619 260 collam
653 223 890 275 penariam,
937 224 1010 262 sed
1041 223 1167 274 etiam
1196 223 1340 264 Italico

161 280 273 319 bello
301 294 378 331 pro
407 280 570 318 aerario
599 280 728 318 fuisse
754 293 891 333 cap.2.
949 280 1169 319 Praeterea
1187 282 1341 321 multos

160 337 207 374 in
229 349 276 374 ea
305 337 416 373 cives
437 336 641 375 Romanos
663 351 757 374 cum
778 343 952 388 quaestu
972 337 1201 389 negotiari3
1221 338 1342 376 inco-

162 394 223 432 las
253 393 364 444 ipsos
391 393 620 444 patientia,
664 393 822 431 virtute
852 399 894 430 et
931 393 1170 444 frugalitate
1201 395 1342 431 excel-

164 451 276 498 lere,
314 449 522 487 Romanos
556 448 748 488 homines
780 449 982 500 diligere,
1023 463 1070 487 ac
1099 463 1220 502 saepe
1252 464 1341 488 ina-

165 508 413 560 gistratuum
432 505 717 544 Romanorum
742 506 918 544 iniurias
938 506 1146 557 patienter
1176 506 1343 555 tulisse3

167 565 300 602 donec
326 563 492 600 tandem
522 562 664 600 Verris
691 562 882 610 luxuria,
928 562 1193 611 crudelitate,
1243 573 1343 600 ava-

164 621 284 666 ritia,
330 619 526 671 superbia
558 619 690 656 coacti
728 619 832 666 sint,
882 619 970 656 eius
999 619 1175 657 iniurias
1201 632 1344 671 perse-

137 686 140 689 ”
166 676 259 728 qui,
290 681 332 713 et
351 674 614 723 Ciceronem,
644 681 693 712 ut
712 689 806 712 eum
826 679 1060 723 accusaret,
1102 675 1346 727 rogaverint

167 748 201 771 c.
223 733 260 771 5.
320 730 479 782 Magnis
499 738 636 769 tamen
657 732 825 783 opibus,
853 745 1001 783 magna
1028 732 1256 782 cupiditate
1275 745 1343 769 re—

170 803 242 827 um
280 789 492 826 absentem
538 794 684 825 contra
733 787 1047 837 inquisitionem
1092 788 1345 826 accusatoris

170 859 257 884 esse
286 845 523 892 defensum,
563 843 788 894 multisque
819 843 952 880 modis
972 841 1156 891 Siculos,
1191 858 1243 882 ne
1271 844 1346 882 de-

171 898 393 940 cernerent
418 900 667 952 legationes,
715 899 786 950 qui
819 905 964 937 contra
990 899 1118 937 istum
1144 899 1346 948 dicerent,

170 963 351 996 tentatos
380 970 466 994 esse
493 971 526 994 c.
549 957 586 994 4.
659 955 794 993 Unam
822 961 986 992 tantum
1015 968 1102 992 esse
1130 957 1346 994 civitatem

169 1014 475 1060 Mamertinam,
505 1010 752 1064 (Messanam
772 1010 951 1060 nibem),
978 1025 1082 1063 quae
1099 1012 1266 1064 publice
1284 1013 1348 1050 le·-

170 1076 297 1123 gatOS,
318 1069 574 1134 quiVeriem
594 1069 826 1117 laudarent,
846 1068 1028 1115 n1ise1it·‚
1049 1069 1196 1108 ceteris
1209 1069 1347 1107 omni—
1383 1116 1385 1119 ι

171 1129 260 1173 bus,
289 1126 389 1177 ipsis
401 1139 592 1176 quoque
575 1125 655 1177 Syr
659 1126 859 1172 acmanis,
871 1139 965 1162 eum
976 1138 1137 1163 summo
1152 1125 1349 1164 odioesse

173 1200 206 1220 ‹.
229 1183 265 1220 5.
295 1181 438 1232 Neque
458 1195 559 1219 v·e10
579 1182 738 1218 Siculos
760 1182 866 1218 solos
887 1193 980 1218 eum
1003 1182 1219 1232 persequi,
1247 1183 1347 1232 plu-

178 1241 301 1277 timos
331 1238 455 1276 etiam
486 1238 597 1275 cives
629 1237 835 1274 Romanos
854 1266 864 1284 ‚
902 1237 1096 1287 gravibus
1119 1238 1170 1275 ab
1199 1251 1247 1275 eo
1276 1239 1347 1276 in-

177 1296 292 1334 iuriis
321 1295 506 1342 affectos,
544 1294 804 1341 existimare,
839 1292 967 1340 iuris,
1011 1293 1239 1342 libertatis,
1275 1307 1347 1332 re-

172 1366 269 1389 rum
296 1352 642 1400 fortunarumque
672 1363 841 1387 suarum
881 1349 1055 1386 salutem
1080 1349 1127 1387 in
1152 1350 1240 1387 eius
1270 1350 1346 1388 da-

177 1408 388 1445 mnatione
408 1407 644 1444 consistere.
664 1421 696 1444 c.
716 1406 753 1443 6.
812 1405 897 1443 lam
917 1405 1227 1443 demonstratur
1240 1405 1349 1444 Ver-

174 1478 263 1503 rem
282 1464 376 1512 iam,
397 1470 615 1514 antequam
643 1464 688 1500 in
709 1462 894 1500 Siciliam
906 1461 1253 1513 proficisceretur,
1274 1476 1347 1501 co-

173 1522 342 1572 gitasse,
380 1521 627 1571 quibusnam
655 1520 779 1557 rebus
804 1519 850 1555 in
879 1532 926 1555 ea
962 1518 1182 1570 provincia
1210 1520 1348 1558 maxi-

175 1591 284 1614 mam
312 1590 398 1614 uno
423 1590 532 1614 anno
560 1576 781 1628 pecuniam
809 1574 945 1612 faeere
975 1581 1136 1626 posset,
1181 1589 1230 1614 ac
1257 1590 1346 1614 non

174 1633 298 1672 inodo
327 1647 476 1684 genera
511 1633 682 1670 furandi
711 1632 783 1669 sed
820 1632 944 1668 etiam
983 1632 1154 1669 nomina
1183 1633 1349 1683 quaesi-

175 1690 296 1727 visse.
347 1689 474 1727 Cuius
494 1690 693 1726 avaritiae
714 1688 896 1739 primum
918 1688 1158 1740 exemplum
1175 1688 1349 1727 affertur

175 1746 276 1792 hoc,
305 1746 416 1796 quod
430 1745 558 1782 Dioni
578 1744 794 1792 Halesino,
825 1745 943 1782 cuius
964 1744 1050 1781 filio
1070 1758 1092 1780 a
1109 1744 1348 1796 propinquo

175 1801 346 1839 homine.
365 1802 572 1839 hereditas
593 1807 777 1846 venerat,
801 1800 904 1836 iic&
923 1800 1119 1837 undecies
1129 1800 1346 1852 eripuerit.

175 1873 207 1895 υ.
232 1872 266 1908 7.
324 1859 514 1895 Alterum
535 1858 646 1908 quod
666 1857 791 1894 Dioni
811 1856 974 1894 cuidam
986 1856 1141 1904 Siculo,
1164 1857 1231 1907 cui
1249 1869 1349 1908 per-

172 1927 321 1965 magna
347 1914 531 1952 venisset
567 1914 793 1960 hereditas,
842 1926 889 1950 ea
918 1914 1007 1964 lege
1035 1919 1084 1950 ut
1115 1919 1270 1951 statuas
1297 1914 1345 1952 in

171 1972 265 2008 soro
286 1976 480 2021 poneret,
509 1970 591 2007 nisi
610 1970 832 2020 posuisset,
861 1968 1014 2006 Veneri
1036 1966 1241 2020 Erycinae
1260 1983 1348 2008 esse

173 2027 418 2074 multatum,
466 2026 582 2063 illam
612 2026 885 2064 hereditatem
921 2025 1098 2076 eripuit,
1146 2026 1225 2063 etsi
1261 2032 1348 2063 sta—

170 2089 267 2120 tuae
290 2083 448 2133 positae
476 2089 611 2119 essent
637 2096 691 2119 ex
720 2087 978 2119 testamento.
1007 2096 1040 2119 c.
1061 2082 1099 2119 8.
1156 2081 1350 2120 Tertium

153 2139 279 2189 *quod
292 2138 513 2189 Sosippum
536 2145 576 2175 et
587 2138 820 2190 Epicratem
830 2138 980 2175 fratres
992 2138 1270 2189 Agyrinenses
1288 2139 1352 2176 fe·-

159 2208 210 2235 1re
222 2200 310 2234 tota
328 2193 473 2236 heredi
481 2201 559 2233 tate
579 2201 752 2247 paterna
762 2193 934 2237 Veneris
960 2194 1134 2233 nomine
1151 2194 1352 2247 spoliavit
