1431 2481
190 125 262 170 256
522 127 588 163 m
611 127 821 166 VERREM
845 130 960 167 AcT.
986 132 1038 168 11.

193 221 351 264 rerum
382 220 708 276 antecedebat,
771 223 1006 267 Diodorus
1035 225 1378 288 Timarchides3

194 277 323 319 cuius
353 277 500 318 omnis
521 278 810 322 ‘oratiohanc
830 282 990 323 habuit
1017 284 1169 340 primo
1197 295 1377 330 senten-

191 335 327 375 tiam:
355 333 574 374 Senatum
592 335 903 393 populumque
922 340 1261 388 Syracusanum
1278 339 1376 385 mo-

188 390 301 431 leste
332 390 618 446 graviterque
648 394 795 447 ferre,
842 387 967 450 quod
1000 411 1108 452 ego,
1156 412 1299 454 quum
1324 400 1375 443 in

191 445 354 487 ceteris
385 445 563 486 Siciliae
602 447 858 490 civitatibus
895 461 1101 494 senatum
1127 454 1375 510 populum·-

191 518 279 558 que
309 502 587 557 docuissem,
626 504 735 559 quid
765 505 826 546 eis
847 507 1081 565 utilitatis,
1119 510 1228 566 quid
1254 511 1374 554 salu-

187 560 248 601 tis
275 559 512 614 afferrem,
560 568 603 600 et
630 575 772 616 quum
803 561 858 602 ab
893 565 1101 607 omnibus
1131 566 1372 624 mandata,
1397 568 1407 576 ”

187 616 386 672 legatos,
414 615 582 670 literas,
609 616 959 674 testimoniaque
977 622 1292 680 sumpsissem,
1319 625 1370 668 in

187 672 268 715 illa
299 671 480 712 civitate
509 672 627 713 nihil
647 673 867 715 eiusmodi
895 675 1105 718 facerem.
1162 674 1371 737 Responss·

186 729 250 784 di,
270 742 416 784 neque
435 727 611 770 Romae
626 729 674 770 in
693 739 920 772 conventu
933 732 1208 790 Siculorum,
1227 750 1369 791 quum

186 801 214 828 a
240 800 314 826 me
345 784 570 825 auxilium
599 787 833 828 communi
861 788 1067 830 omnium
1086 790 1367 846 legationum

185 841 377 884 consilio
407 840 668 896 petebatur,
707 856 926 900 causaque
954 844 1092 887 totius
1123 847 1179 888 ad
1203 863 1278 890 me
1297 849 1369 891 Si-

184 898 315 939 ciliae
344 896 656 953 deferebatur,
691 898 865 955 legatos
885 900 1368 958 Syracusanorum-af-

181 954 345 1009 fuisse3
374 969 520 1009 neque
540 969 613 995 me
633 956 866 1012 postulare
880 988 893 1010 ,
920 964 973 998 ut
990 958 1237 1016 quidquam
1257 975 1367 1004 con-

182 1020 256 1054 tra
277 1011 328 1052 C.
347 1010 548 1053 Verrem
567 1011 888 1055 decerneretur
906 1014 954 1055 in
974 1029 1025 1055 ea
1045 1015 1185 1069 curia,
1208 1015 1258 1058 in
1275 1033 1364 1074 qua

175 1069 438 1113 :inauratam
468 1066 517 1107 C.
539 1067 700 1110 Verris
720 1076 920 1124 *statuam
951 1070 1168 1112 viderem.
1225 1073 1364 1125 Quod

182 1133 479 1181 posteaquam
501 1124 619 1180 dixi,
649 1132 801 1167 tantus
823 1134 889 1168 est
907 1127 1102 1184 gemitus
1118 1127 1263 1170 factus
1283 1129 1362 1171 ad-

180 1188 341 1238 spectu
370 1188 542 1222 statuae
581 1189 626 1222 et
661 1184 1120 1240 commemoratione,
1165 1192 1217 1226 ut
1243 1185 1360 1228 illud

175 1239 227 1280 in
247 1238 374 1279 curia
392 1237 594 1293 positum
611 1247 961 1280 monumentum
981 1239 1202 1281 scelerum
1214 1272 1227 1296 ,
1263 1257 1360 1284 non

177 1294 507 1336 beneficiorum
534 1293 776 1336 videretur.
832 1295 955 1337 Tum
973 1311 1058 1351 pro
1083 1312 1129 1337 se
1155 1298 1359 1354 quisque,

178 1358 401 1408 quantum
423 1349 615 1392 dicendo
636 1351 810 1407 assequi
829 1359 1032 1407 poterat,
1048 1359 1067 1381 1
1099 1352 1262 1395 docere
1280 1369 1357 1396 me

178 1407 333 1462 coepit
370 1422 453 1461 ea,
498 1422 611 1463 quae
644 1408 803 1464 paullo
838 1415 940 1450 ante
978 1411 1358 1453 commemoravi:

176 1464 418 1520 spoliatam
453 1465 640 1520 urbem,
686 1463 792 1505 fana
819 1464 1020 1521 direpta,
1063 1479 1124 1506 ex
1150 1464 1358 1510 Heraclii

176 1519 443 1575 hereditate,
473 1534 608 1575 quam
623 1520 893 1577 palaestritis
911 1521 1214 1574 concessisset,
1235 1523 1354 1564 mul-

173 1584 226 1617 to
254 1576 504 1618 maximam
564 1585 709 1618 artem
728 1576 881 1633 ipsum
910 1576 1169 1632 abstuliss23
1205 1593 1351 1635 neque

173 1631 498 1689 postulandum
550 1633 686 1688 uisse,
723 1641 774 1674 ut
797 1634 874 1674 itte
893 1633 1174 1691 palaestritas
1193 1633 1355 1692 dilige-

173 1697 270 1744 ret,
329 1688 407 1745 qui
435 1689 571 1730 etiam
597 1690 886 1732 inventorem
913 1689 1003 1732 olei
1029 1689 1168 1731 deum
1204 1699 1354 1733 sustu-

169 1745 317 1801 lisset3
360 1760 506 1803 neque
541 1745 671 1788 illam
705 1754 900 1790 statuam
938 1761 1032 1789 esse
1069 1761 1130 1789 ex
1152 1748 1351 1845 pecuffiia

1199 1819 1263 1861 pu
1312 1819 1351 1846 1-

216 1989 263 2024 15
298 1990 431 2029 „Vult
471 1991 639 2037 intelligi
664 1991 796 2028 Latine
835 1989 979 2027 Siculos
1015 1988 1121 2038 loqui
1164 1997 1344 2028 conatos,

167 2048 278 2082 quum
294 2038 430 2081 paullo
459 2048 548 2084 post
569 2037 694 2073 eidem
724 2040 823 2077 ipsi.
859 2038 960 2084 quod
984 2039 1129 2073 Graece
1147 2037 1190 2070 in
1213 2048 1256 2069 eo
1279 2037 1345 2070 Se—

166 2091 264 2115 nata
283 2084 432 2116 locutus
452 2097 569 2124 esset,
595 2086 780 2120 Metellus
798 2084 1005 2118 ohz'ecericu
1028 2084 1185 2116 Hotom.
1211 2082 1344 2116 Potest:

166 2138 296 2162 tamen
318 2133 375 2162 sic
404 2132 591 2180 intelligi,
636 2141 817 2180 quantum
846 2125 1005 2178 quisque
1045 2129 1164 2162 etiam
1196 2129 1343 2163 Graece

164 2173 326 2208 dicendo
356 2184 511 2222 assequi
534 2188 711 2225 poterat,
760 2189 840 2211 non
868 2188 1000 2212 omnes
1025 2179 1128 2209 enim
1153 2172 1343 2210 eiusmodi

162 2218 329 2256 homines
341 2220 521 2267 facundi
550 2236 657 2260 orant
687 2237 723 2261 ec
753 2222 912 2258 dicendi
926 2223 1060 2270 periti.
