1431 2481
216 149 258 172 xo
435 136 493 172 ΙΝ
519 136 725 173 VERREM
747 138 859 178 ACT.
885 140 931 175 11.
981 139 1073 176 Lm.
1097 139 1163 180 111.

209 248 230 272 e
258 235 578 287 depraedatione
605 243 815 276 aratorum
843 245 1057 289 quaestum
1083 238 1240 278 fecisse.
1265 253 1299 278 c.
1323 251 1374 290 17

206 315 338 342 ·-2o.
398 303 481 341 lam
500 311 732 355 sequuntur
758 307 948 358 exempla
969 307 1219 347 iniuriarum
1239 309 1285 348 in
1303 294 1379 348 rass

200 372 317 411 tione
337 373 612 411 frumentaria
671 387 704 412 1.
734 374 930 425 privatim
951 375 1124 428 singulis
1145 377 1373 426 factarum3

200 442 272 480 ubi
302 447 498 479 narratur
524 440 625 492 quid
654 441 698 478 in
725 440 1017 495 Nymphonem
1050 442 1370 497 Centuripinum

199 524 232 548 c.
246 523 269 548 2
279 524 311 549 ι.
328 510 371 548 in
385 511 597 548 Xenonem
609 508 843 558 Menenum,
863 524 895 548 c.
907 524 975 550 22.·
992 511 1037 549 in
1056 508 1369 551 Polemarch'um

199 577 511 629 Murgentinum
541 574 725 628 aliosque
757 593 791 617 c·
812 579 877 618 23.
904 580 1167 618 commiserit.
1224 579 1370 631 Neque

196 658 298 684 voro
327 645 478 683 Siculis
509 645 629 693 solis,
669 646 739 683 sed
769 648 891 685 etiam
924 648 1082 686 civibus
1105 648 1301 687 Romanis
1327 654 1370 687 et

194 714 403 764 equitibus
429 714 629 751 infestum
654 713 800 763 fuisse,
838 716 949 767 quod
975 714 1238 767 potissimum
1266 728 1365 753 nar-

191 782 354 821 ratione
385 782 435 819 de
464 780 505 819 C.
538 781 735 819 Matrinio
766 789 807 820 et
834 782 881 829 Q.
912 782 1047 821 Lollio
1075 782 1366 831 confirmatur,

193 863 295 901 quos
322 850 488 888 iniuriis
518 855 558 887 et
577 849 838 887 contumeliis
857 851 1012 903 coegit,
1050 857 1098 888 ut
1118 850 1170 888 ad
1189 850 1363 901 Apronii

190 918 299 969 leges
321 917 659 968 conditionesque
681 916 888 955 venirent.
909 932 941 955 c.
961 918 1027 957 24.
1048 917 1117 957 25.
1171 916 1245 955 His
1266 918 1363 956 bre-

189 985 299 1024 viter
331 986 518 1037 repetitis
547 999 580 1023 c.
614 984 677 1022 26.
708 992 938 1036 sequuntur
986 990 1043 1026 '2.
1077 985 1267 1038 publicae
1293 984 1362 1024 in-

186 1053 322 1091 iuriae
350 1054 394 1091 in
423 1053 610 1092 civitates
630 1053 883 1092 commissae.
950 1053 1011 1092 Ab
1036 1053 1361 1106 Agyrinensibus

187 1121 245 1168 vi,
265 1122 401 1169 minis,
423 1121 599 1174 imperio
611 1122 767 1174 eripuit
782 1122 914 1160 tritici
925 1121 1180 1160 medimnum
1190 1118 1361 1158 XXXIII

188 1195 230 1227 et
249 1195 465 1240 praeterea
488 1189 590 1228 {2115
610 1189 692 1228 LX.
722 1204 755 1227 c.
774 1191 970 1239 27--31.
1028 1188 1166 1227 Simili
1193 1188 1356 1237 ratione

188 1257 452 1296 Herbitenses
481 1258 698 1310 spoliavit²,
737 1271 838 1310 quos
860 1258 983 1295 etiam
1010 1256 1232 1295 teterrimis
1261 1270 1357 1295 mu-

183 1325 357 1365 lieribus
386 1326 540 1378 Pippae
577 1332 618 1364 et
646 1325 811 1363 Tertiae
849 1324 1068 1377 vectigales
1094 1338 1181 1363 esse
1208 1325 1356 1377 coiigit.

183 1407 217 1432 c.
239 1393 434 1432 32—35.
493 1393 539 1431 ln
567 1407 647 1445 quo
677 1393 801 1430 simul
826 1391 1062 1431 ostenditur
1090 1405 1185 1430 eum
1212 1391 1264 1430 de
1285 1406 1354 1430 ca-
1407 1431 1418 1438 ,

180 1462 268 1516 pite
297 1461 563 1514 vectigalium
588 1461 733 1514 populi
760 1460 935 1498 Romani
965 1459 1192 1506 remisisse,
1240 1460 1353 1511 quod

180 1543 234 1568 ne
266 1529 405 1568 Sullae
444 1529 610 1580 quidem
651 1542 888 1566 concessum
927 1528 1067 1566 fuerit.
1107 1541 1141 1565 c.
1177 1526 1245 1566 35.
1282 1527 1350 1566 36.

182 1598 422 1649 Sequuntur
451 1597 626 1634 aliarum
647 1596 863 1634 civitatum
884 1596 1097 1648 exempla,
1133 1595 1282 1646 quibus
1301 1601 1351 1634 ut

179 1666 263 1705 illis
292 1665 545 1717 Apronium,
584 1664 685 1702 alios
716 1665 887 1702 asseclas
918 1664 1128 1716 improbos
1157 1662 1348 1702 homines

178 1740 377 1784 tanquam
406 1746 526 1771 canes
553 1731 747 1779 immisit,
787 1739 834 1770 ut
861 1732 945 1770 illis
985 1732 1054 1769 vel
1089 1731 1347 1770 frumentum

176 1802 247 1839 vel
276 1801 471 1853 pecunias
492 1801 650 1839 darent.
707 1799 774 1838 Sic
795 1800 847 1837 ad
866 1799 1109 1851 Liparenses
1127 1799 1173 1837 A.
1192 1798 1346 1838 Valen-

178 1870 285 1908 tium
324 1882 356 1906 e.
387 1869 453 1919 37.
481 1869 533 1908 ad
573 1868 782 1906 Tissenses
822 1867 1075 1918 Diognotum
1116 1866 1343 1907 Venerium

176 1936 235 1989 (h.
255 1951 289 1974 e.
304 1950 326 1974 e
355 1937 484 1974 servis
506 1935 676 1974 Veneris
696 1930 916 1986 Erycinae)
946 1935 1059 1973 misit
1078 1948 1112 1972 c.
1129 1933 1196 1972 38.
1218 1933 1343 1974 Amc-

175 2005 373 2044 stratinos
408 2005 627 2055 pecuniam
663 2008 828 2055 praeter
865 2002 1056 2041 decumas
1091 2001 1146 2040 M.
1175 2000 1340 2051 Caesio,

177 2072 272 2110 Sex.
297 2071 536 2120 Vennonio,
563 2070 762 2110 Bariobali
780 2069 959 2107 Venerio
983 2070 1093 2122 c.39.
1150 2068 1339 2108 Petrinus
1369 2116 1375 2121 ἶ

174 2140 217 2178 Ρ.
239 2139 397 2177 Naevio
424 2139 651 2191 Turpioni,
680 2137 942 2190 Halicyenses
971 2137 1124 2186 eidem,
1153 2137 1340 2190 Segesta-

175 2219 251 2249 nos
274 2206 522 2260 Symmacho
550 2207 650 2246 dare
673 2205 805 2258 coegit
833 2220 866 2244 c.
884 2206 952 2246 40.
985 2206 1059 2246 ubi
1083 2204 1208 2247 simul
1225 2205 1336 2259 ipsos
