1431 2481
224 131 291 172 268
361 133 419 167 1N
439 132 645 168 VERREM
670 124 1037 191 Acriismssfflz
1053 141 1302 195 omnis,

338 228 434 268 Post
457 231 676 269 exordium
696 232 825 284 igitur
853 250 885 273 c.
911 250 943 274 1.
963 251 1043 288 quo
1062 253 1105 277 se
1124 240 1273 280 timere
1289 255 1391 295 pro-

224 284 385 331 fitetur‚
416 300 468 324 ne
495 287 642 325 Verres
664 296 834 340 propter
858 291 967 330 hanc
997 295 1193 335 eximiam
1220 298 1391 339 virtutis

223 341 394 380 bellicae
422 343 608 391 laudem,
657 345 815 394 omnia,
860 361 964 399 quae
991 351 1176 398 fecisset,
1216 353 1388 408 impune

223 397 383 446 fecerit,
1220 417 1227 428 “

332 508 361 547 Ι.
394 511 565 550 docetur
600 513 759 551 nullam
801 515 927 556 fuisse
959 518 1102 560 Verris
1130 521 1308 574 ‘operam
1340 525 1387 564 in

220 565 329 603 bello
357 568 629 618 fugitivorum
658 583 679 607 e
701 569 889 621 Spartaci
916 575 1116 627 reliquiis.
1177 577 1281 618 Nam
1311 595 1388 632 per

217 627 352 660 totum
385 623 526 661 Verris
556 625 783 664 triennium
813 627 858 666 in
889 629 1031 668 Sicilia
1057 633 1211 671 bellum
1235 638 1386 675 servile

216 677 329 716 haud
356 679 505 725 fuisse3
545 695 671 731 quum
696 696 828 733 neque
856 697 909 723 ex
936 686 1051 726 [talia
1076 690 1189 728 servi
1211 691 1255 729 in
1277 692 1385 731 Sici-

216 734 520 773 lianrtransire
546 738 780 787 potuerint,
819 754 895 780 nec.
922 741 967 780 in
986 743 1075 795 ipsa
1100 746 1239 785 insula
1254 750 1384 787 servis

216 803 310 828 cum
344 793 424 828 telo
446 806 530 829 esse
558 793 746 841 licuerit,
786 798 1038 849 omninoque
1059 815 1106 838 ea
1133 803 1292 841 fuerint
1312 818 1384 842 su-

214 847 429 897 periorum
459 855 698 898 praetorum
735 851 946 901 institam,
995 869 1122 907 eaque
1151 861 1384 911 negotiato-

211 915 305 940 rum
327 903 606 942 Romanorum
626 912 666 943 et
687 906 927 948 Siculorum.
943 913 1184 960 concordia,
1220 922 1268 952 ut
1284 918 1382 955 nul—

210 957 299 996 ium
328 959 372 997 in
402 959 492 1012 ipsa
521 962 739 1012 provincia
761 966 931 1003 malunr'
962 967 1234 1009 domesticum
1264 974 1381 1011 nasci

211 1016 396 1065 potuerit
425 1031 456 1053 e.
479 1019 616 1056 2—4.
676 1018 817 1071 Itaque
846 1022 956 1061 nihil
979 1038 1176 1076 umquam
1207 1027 1379 1068 Verrem

211 1070 261 1108 de
301 1073 478 1110 motibus
517 1075 558 1111 in
596 1074 738 1114 Sicilia
768 1090 985 1118 servorum
1017 1080 1187 1120 Romam
1212 1085 1378 1134 publice

208 1129 514 1180 conscripsisse.
573 1131 649 1168 Hic
676 1132 734 1171 ibi
761 1138 899 1172 tamen
919 1143 1110 1188 coeptum
1141 1152 1226 1177 esse
1245 1140 1288 1177 in
1309 1140 1378 1178 Si-

207 1184 302 1221 cilia
333 1187 492 1223 moveri
514 1187 732 1225 scrxitium
751 1191 1008 1241 suspicatur3
1045 1193 1192 1243 quibus
1212 1209 1264 1233 ex
1284 1211 1376 1234 mo·-

206 1239 316 1277 tibus
338 1241 486 1279 Verres
510 1250 724 1293 quaest-um
755 1249 996 1297 captaverit.
1080 1248 1141 1287 [ta
1167 1250 1375 1291 Leonidae

202 1308 344 1334 servos
382 1297 428 1335 in
462 1300 739 1351 suspicionem
768 1302 1067 1342 coniurationis
1104 1313 1271 1344 vocatos
1299 1309 1374 1347 da·-

201 1353 382 1400 mnavin
420 1354 635 1393 damnatos
650 1363 694 1395 et
709 1359 792 1401 iam
811 1358 863 1395 ad
880 1360 1023 1410 palum
1042 1361 1228 1412 :illigatos
1247 1377 1374 1415 gran-

202 1408 246 1445 di
264 1411 440 1459 pecunia
458 1412 691 1464 redemptos
711 1413 879 1453 domino
899 1414 1094 1454 reddidit.
1115 1431 1149 1455 c·
1170 1418 1208 1457 5.
1257 1419 1371 1460 Idem

185 1464 362 1517 *fecit-in
383 1466 472 1503 aliis
495 1469 673 1507 aliorum
692 1471 829 1508 servis·
853 1477 895 1509 et
920 1473 1074 1510 villicis
1104 1487 1136 1510 c.
1159 1488 1196 1525 7.
1240 1476 1371 1527 Apol—
1419 1509 1427 1512 .

191 1519 362 1560 lonium
390 1517 753 1574 mermstauum,
791 1527 907 1565 cujus
937 1542 1103 1567 servum
1133 1531 1370 1572 coniurasse

200 1582 242 1614 et
265 1576 365 1616 alias
394 1577 572 1617 familias
600 1576 626 1618 i.
650 1595 683 1618 c.
704 1583 785 1620 alia
813 1583 984 1621 servitia
1009 1586 1234 1625 concitasse
1255 1587 1371 1627 dice-

200 1633 289 1680 bat,
338 1648 412 1685 per
441 1636 670 1676 octodecim
697 1652 856 1676 menses
884 1639 929 1677 in
955 1640 1135 1679 vinculis
1167 1643 1369 1694 detinuit,

197 1702 275 1727 nec
311 1690 394 1728 nisi
420 1692 566 1742 grandi
592 1695 768 1744 pecunia
806 1702 973 1746 accepta
1011 1698 1182 1736 dimisit.
1214 1714 1247 1738 c.
1267 1701 1305 1738 8.
1329 1716 1369 1753 9.

197 1744 380 1784 Tantum
407 1761 507 1786 vero
534 1750 669 1788 abfuit
694 1757 741 1789 ut
760 1751 907 1789 Verres
927 1753 1150 1804 providere
1167 1758 1366 1807 potuerit,

178 1815 249 1847 *ne
269 1802 425 1842 bellum
444 1804 488 1841 in
501 1804 643 1844 Sicilia
654 1808 848 1855 oriretur,
871 1815 917 1846 ut
933 1809 1072 1860 potius
1089 1810 1136 1847 in
1154 1824 1202 1849 eo
1222 1825 1365 1851 omnes

195 1857 488 1909 imperatoriae
508 1862 684 1901 virtutes
714 1863 1024 1913 desiderentur3
1061 1866 1174 1918 quod
1193 1881 1246 1905 ex
1274 1869 1364 1906 eius

193 1913 305 1951 vitae
335 1917 497 1956 ratione
523 1917 568 1954 in
589 1918 731 1957 Sicilia
759 1920 1086 1966 demonstratur.
1124 1936 1156 1960 c.
1181 1937 1296 1963 10—-
1312 1926 1362 1964 13
1414 1935 1417 1938 ⁴

195 1970 264 2008 cui
293 1984 408 2009 suam
435 1972 481 2011 in
517 1982 738 2025 quaestura
772 1975 983 2015 Siciliensi
1010 1978 1142 2018 vitam
1175 1981 1363 2034 opponit.

195 2039 228 2062 c.
252 2028 367 2064 14—
382 2028 443 2065 16.

302 2139 493 2179 Secundo
520 2139 611 2179 loco
637 2156 764 2193 quum
793 2145 875 2183 dici
902 2153 1038 2197 posset
1054 2142 1228 2190 Verrem
1256 2160 1358 2188 cou-

190 2199 254 2233 tra
281 2196 434 2236 bellum
464 2199 720 2249 praedonum
751 2201 920 2242 classem
939 2202 1130 2244 habuisse
1148 2211 1359 2255 ornatam,
1393 2208 1396 2211 ’
