1416 2480
280 143 420 182 unm
443 142 691 180 TERTms.·
720 142 824 178 CAP.
849 145 907 185 53.
936 154 995 191 29·
1185 150 1231 194 59

64 235 390 282 i'stius'in'vidia
417 236 690 294 infamiaque
718 236 966 292 malebant,
1010 251 1144 294 quam
1171 237 1229 280 ad

65 297 161 338 eius
179 295 454 338 conditiones
473 294 786 351 pactionesque
800 294 1023 335 accedere.
1081 294 1230 349 Quae·

67 352 248 407 rebant,
322 365 403 392 uae
446 350 493 392 iu
534 350 669 390 verba
712 357 1049 404 recuperatores
1090 351 1228 392 daret.

64 406 305 465 Responde
338 414 382 448 at
400 438 413 462 ,
460 419 511 447 st
547 417 826 447 PARERET
848 438 861 460 ,
906 418 1221 448 Anvssnsus

66 474 349 506 EDICTUM
371 474 641 506 FECISSE:
690 477 800 518 quae
829 477 875 503 se
905 462 950 503 in
971 462 1136 504 iudicio
1161 463 1230 505 di-

67 528 247 562 cturum
284 533 375 560 esse
413 519 601 561 dicebat.
645 526 662 548 1
740 517 1030 574 Iniquissimis
1066 519 1229 575 verbis,

65 574 405 634 improbissimis
424 573 837 631 recuperatoribus,
865 573 1112 616 conflictari
1139 590 1234 617 ma·-

66 632 243 687 lebant,
269 633 404 688 quam
425 631 668 688 quidquam
686 645 786 671 cum
807 630 891 671 isto
909 645 987 671 sua
999 631 1231 673 voluntate

67 687 286 730 decidere.
343 687 664 730 Summittebat
682 687 760 728 iste
776 685 1134 741 Timarchidem,
1154 688 1231 744 qui

65 751 274 786 moneret
293 758 391 798 eOS,
417 745 452 785 si
473 751 697 800 saperent,
718 750 767 784 ut
791 741 1100 797 transigerent.
1126 743 1235 785 Per-

65 800 304 856 negabant.
330 795 518 855 „Quid'?
549 815 656 855 ergo
677 807 694 830 ²
710 799 757 840 iu
777 798 975 860 singulos
995 802 1091 840 ek&
1132 799 1233 842 uin-

66 855 283 912 quagenis
298 856 494 897 millibus
506 855 705 897 damnari
720 855 926 896 mavultis
944 848 994 895 ,Μ
1014 854 1111 896 Mal
1133 870 1155 895 e
1167 856 1234 898 di·-

71 911 245 953 cebant.
302 911 422 953 Tum
442 912 522 954 iste
547 912 680 964 clare,
700 911 908 953 omnibus
935 910 1233 968 audientibus,

69 967 176 1024 „qui
197 967 431 1010 damnatus
449 969 555 1022 erit,
581 968 738 1024 inquit,
757 967 892 1023 virgis
907 967 961 1007 ad
971 981 1127 1008 necem
1138 982 1238 1010 cae-

70 1023 213 1065 detur.
226 1024 255 1048 “
310 1024 399 1065 Hic
419 1025 482 1066 illi
496 1024 650 1066 flentes
672 1038 829 1078 rogare
847 1031 976 1079 atque
996 1036 1124 1064 orare
1136 1034 1239 1066 coe·-

69 1087 258 1142 perunt,
285 1088 335 1120 ut
358 1080 442 1122 sibi
455 1095 552 1122 suas
567 1087 757 1135 segetes,
786 1078 1045 1134 fructusque
1062 1084 1232 1136 omnes,

68 1135 380 1192 arationesque
419 1151 576 1178 vacuas
605 1135 812 1190 Apronio
850 1135 1030 1175 tradere.
1062 1135 1232 1192 liceret,

67 1198 122 1232 ut
137 1190 224 1248 ipsi
242 1191 336 1232 sine
356 1191 603 1248 ignominia
622 1190 912 1247 molestiaque
941 1190 1234 1234 discederent.

183 1303 368 1348 XXIX.
427 1304 525 1346 Hac
544 1304 666 1359 lege,
692 1303 884 1350 iudices,
905 1303 1112 1345 decumas
1129 1319 1236 1348 ven·-

71 1359 187 1402 didit
213 1359 393 1402 Verres.
467 1360 602 1402 Dicat
629 1361 735 1401 licet
759 1359 1054 1416 Hortensius,
1093 1362 1130 1403 si
1157 1377 1234 1404 vo·-

70 1416 214 1470 let,'3'
238 1431 404 1473 magno
423 1416 619 1458 Verrem
648 1416 909 1457 vendidisse.
973 1416 1100 1458 Haec
1127 1433 1236 1460 con-

71 1472 184 1514 ditio
220 1471 308 1514 fuit
341 1473 424 1514 isto
460 1481 667 1530 praetore
705 1479 960 1527 aratorum,
1004 1481 1056 1515 ut
1081 1489 1235 1518 secum

72 1530 302 1585 praeclare
337 1530 408 1584 agi
446 1528 795 1581 arbitrarentur,
850 1527 886 1569 si
914 1543 1074 1571 vacuos
1103 1544 1234 1586 agros

70 1584 278 1640 Apronio
307 1585 483 1627 tradere
511 1584 676 1626 liceret.
741 1584 913 1626 Multas
936 1586 1056 1627 enim
1084 1601 1239 1628 cruces

73 1641 325 1697 propositas
336 1641 530 1698 effugere
541 1640 792 1697 cupiebant.
849 1641 1077 1692 Quantum
1087 1643 1239 1699 Apro-

73 1696 403 1738 niustedidisset
424 1697 590 1752 deberi,
609 1705 785 1738 tantum
804 1712 862 1739 ex
877 1697 1024 1739 edicto
1038 1699 1236 1740 dandum

77 1760 186 1794 erat.
256 1753 466 1795 Etiamne
494 1753 531 1794 si
559 1753 657 1809 plus
688 1753 916 1809 edidisset,
945 1768 1078 1809 quam
1098 1769 1238 1811 quan-

126 1904 162 1941 x)
196 1898 321 1932 Verba
341 1910 433 1945 quae
452 1910 491 1934 se
510 1919 556 1927 --
572 1900 719 1936 dicebat
739 1903 820 1935 sine
845 1908 960 1934 causa
979 1901 1159 1938 Ernescz‘o
1180 1917 1243 1939 su·

79 1954 208 1993 specta
225 1942 401 1990 suerunt.
474 1947 616 1994 Nempe
651 1953 748 1982 sicut
775 1955 891 1980 antea
925 1960 1036 1994 quum
1067 1960 1242 1985 aratores

83 1992 382 2038 quaesivissent,
429 1992 520 2039 quid
546 2005 678 2027 comm
711 1993 879 2026 edictum
897 1999 1086 2034 praetoris
1100 1992 1240 2035 fecisse

83 2036 296 2070 diceremur
316 2060 326 2074 ,
369 2039 556 2072 Asconius
601 2038 844 2086 responderat
863 2066 874 2080 ,
926 2052 966 2072 se
1000 2038 1054 2072 ad
1091 2052 1242 2087 recupe-

87 2091 234 2115 ratores
264 2094 344 2115 esse
363 2082 570 2123 dicturum,
606 2091 659 2119 sic
683 2087 818 2119 Verres
833 2109 842 2122 ‚
869 2097 909 2118 se
929 2097 1025 2132 quae
1054 2084 1243 2122 adversus

88 2126 250 2161 edictum
262 2125 446 2172 fecorint,
466 2131 506 2163 in
526 2131 669 2165 iudicio
686 2130 872 2164 dicturum
896 2143 986 2169 esse,

130 2178 167 2209 2)
196 2173 258 2224 {ta
279 2176 457 2222 rescripsi
473 2188 542 2222 pro
570 2178 728 2224 vulgato
753 2176 840 2224 quid
862 2175 975 2223 ergo?
1006 2176 1045 2211 in
1065 2176 1244 2226 singulos&

131 2225 167 2262 3)
190 2229 220 2252 ει
239 2217 361 2255 audet.
397 2222 498 2265 [Χῖοι.
518 2224 671 2258 Mauuc.
694 2223 826 2258 Lamb.
851 2223 903 2258 al.
