1420 2491
161 170 228 209 342
544 163 751 201 ASCONII
777 165 956 202 NOTAE

165 262 322 300 ditione
349 262 572 314 tempori3‚
602 268 642 300 et
668 263 804 314 ipsum
826 262 1060 302 Rabonium
1089 263 1136 301 in
1164 262 1240 302 sua
1257 277 1339 316 po-

163 325 310 357 testate
336 319 506 367 habuit3
548 317 627 369 qui·
650 319 817 358 videbat
848 321 1012 370 quidem
1042 319 1120 357 sibi
1139 320 1337 372 praedam

164 375 270 428 eripi
291 390 313 413 a
325 376 467 422 Verre,
480 374 551 414 sed
569 389 654 414 non
673 389 715 414 se
738 379 1022 415 commovebat
1040 383 1154 414 metu
1173 383 1338 429 tempo-

164 431 220 470 ris
249 432 475 484 praefiniti.

281 487 365 542 qui
387 486 481 527 sibi
511 498 721 540 ereptam
739 485 972 542 praedam
1002 486 1336 540 arbitraretur]

165 545 376 584 Rabonius
395 544 572 594 seilicet,
591 546 662 597 qui
682 559 704 583 a
726 546 853 584 Verre
873 547 951 584 sibi
976 546 1251 585 arbitraretur
1269 546 1340 584 lu-

165 615 283 640 crum
306 602 604 653 redemptionis
630 609 831 655 ereptum.

282 655 412 714 quod
441 659 540 696 iam
571 657 660 696 istc
690 654 868 711 referre
898 657 1223 710 nonsspocerac]
1258 658 1339 696 Ni-

167 716 243 753 mis
267 715 379 753 enim
402 721 491 753 erat
516 715 785 757 invidiosum.

278 767 495 809 Rabonii
526 767 740 822 tabulae]
771 773 817 809 in
843 773 992 822 quibus
1021 772 1222 824 scriptum
1253 776 1335 818 est,

165 829 216 866 ad
240 829 413 866 Verrem
439 828 660 879 pecuniam
690 828 946 878 pervenisse,
977 842 1097 879 quam
1129 828 1337 866 Rabonius

165 890 282 923 tutor
303 885 455 935 pupilli
472 884 641 923 nomine
660 883 776 922 dedit
796 884 938 934 Verri,
963 892 1171 937 tamquam
1194 883 1230 921 si
1247 883 1338 936 ipse

156 954 189 980 *a
213 941 377 995 pupillo
399 941 618 995 acciperet.

278 1054 374 1108 Cap.
394 1053 535 1094 LVIII.
599 1050 814 1092 Gracchi
847 1050 1018 1098 credo,
1053 1062 1139 1094 auc
1169 1051 1339 1094 Sacar-

165 1109 298 1162 nini]
329 1113 621 1151 seditiosorum
649 1112 917 1150 tribunorum
943 1113 1086 1163 plebis.

278 1167 383 1206 sine
404 1166 554 1218 bulla]
575 1168 708 1206 Simul
729 1182 823 1206 cum
842 1174 1059 1220 praetexta
1078 1168 1201 1206 etiam
1221 1166 1337 1206 bulla

164 1225 361 1276 suspendi
384 1225 429 1262 in
451 1225 556 1262 collo
577 1225 808 1262 infantibus
842 1224 1032 1276 ingenuis
1061 1225 1335 1277 soletflurea,

163 1280 370 1320 libertinis
397 1287 578 1328 scortea,
624 1280 741 1331 quasi
778 1280 992 1318 bullientis
1027 1293 1178 1332 aquae,
1218 1279 1336 1318 sinus

165 1338 450 1376 communiens
469 1345 693 1390 pectusque
713 1336 886 1388 puerile.

275 1449 371 1502 Cap.
391 1451 493 1489 LIX.
555 1447 856 1492 dubitamus,
895 1446 1014 1504 quid
1041 1447 1130 1488 iste
1163 1447 1218 1487 in
1248 1445 1337 1488 Ῐιο-

164 1504 307 1545 stium
325 1503 512 1562 praeda
533 1505 726 1545 molitus
746 1505 824 1557 sic]
854 1506 1031 1554 scilicet,
1061 1519 1188 1558 quum
1218 1506 1338 1559 pira-

162 1568 298 1601 tarum
336 1578 485 1602 navem
525 1565 654 1616 cepit,
701 1569 742 1600 et
779 1562 976 1614 praedam.
1015 1576 1180 1601 omnem
1209 1563 1261 1601 ad
1291 1575 1336 1602 se

162 1620 326 1658 avertit.
1130 1644 1141 1649 -

278 1688 341 1714 ex
360 1672 413 1716 L.
433 1672 622 1714 Metella·
641 1673 900 1727 manubiis]
929 1676 994 1715 Ex
1016 1676 1116 1715 aede
1140 1675 1338 1725 Castoris‚'

161 1746 298 1783 quam*
316 1734 367 1771 de
399 1734 606 1772 manubiis
636 1733 680 1771 L.
711 1733 901 1771 Metellus
933 1739 1222 1780 exstruxerat3
1261 1733 1336 1783 qui

162 1789 353 1828 Metellus
383 1790 562 1827 subactis
583 1789 784 1828 Dalmatis
815 1789 1071 1828 Dalmatjcus
1101 1789 1332 1841 appellatus

162 1852 234 1884 est.
322 1846 542 1884 Manubiae
570 1852 707 1884 autem
735 1853 832 1883 sunt
855 1846 1011 1898 praeda
1047 1845 1333 1897 imperatoris,

159 1915 238 1954 pro
258 1904 450 1956 portione
480 1902 529 1939 de
548 1902 736 1940 hostibus
758 1908 888 1953 capta.

277 1971 306 1997 a
335 1958 474 2013 signo
503 1955 782 2007 Vortumni]
834 1958 1006 2010 Signum
1028 1957 1254 1996 Vortumni
1285 1956 1333 1995 in

158 2016 309 2054 ultimo
329 2016 423 2054 vico
445 2015 479 2052 T
482 2015 653 2053 hurario
673 2021 748 2062 est,
775 2016 851 2052 sub
871 2015 1064 2053 basilicae
1081 2014 1232 2065 angulo
1255 2012 1334 2050 sse-

161 2073 366 2110 ctenti'ous
414 2085 457 2109 se
506 2071 558 2109 ad
602 2078 855 2123 postremam
903 2071 1117 2109 dexteram
1137 2088 1139 2090 ·
1159 2075 1349 2122 partem.'

157 2127 416 2167 Vortumnus
438 2135 575 2165 autem
598 2129 709 2166 Deus
738 2127 1081 2168 invertendarum
1101 2139 1242 2164 rerum
1258 2131 1332 2173 est,

156 2184 201 2222 id
219 2192 280 2223 est
300 2191 569 2223 mercaturae.
591 2184 733 2222 Circus
754 2190 891 2222 autem
904 2184 1109 2222 maximus
1131 2188 1193 2222 est
1207 2182 1332 2230 idem,

155 2240 201 2279 in
230 2255 312 2294 quo
343 2255 457 2281 nunc
474 2240 686 2281 Circenses
711 2246 963 2293 spectantur.
