1416 2480
296 153 442 217 mm
465 149 722 200 QUARTUS,
768 148 874 184 cff.
901 154 964 196 57·
1141 150 1219 194 249

148 249 299 294 LVII.
329 249 452 292 Nam
471 245 674 303 Sappho,
704 257 817 300 quae
837 242 1013 284 sublata
1035 239 1088 282 de
1107 255 1218 299 pry-

37 317 171 354 taneo
190 315 282 361 est,
308 305 384 348 dat
400 304 481 347 tibi
501 303 662 345 iustam
688 299 1041 354 excusationem,
1071 313 1216 355 prope

36 374 90 409 ut
116 361 456 407 concedendum
494 368 627 415 atque
663 355 992 412 ignoscendum
1032 370 1126 396 esse
1152 354 1220 397 vi-

39 422 213 465 deatur.
270 417 514 461 Silanionis
543 430 657 470 opus
690 423 782 456 tam
812 411 1094 468 perfectum,
1123 419 1219 452 tam

40 479 244 534 elegans,
280 480 377 519 tam
405 473 710 525 elaboratum,
741 469 977 527 quisquam
1004 483 1099 510 non
1120 481 1222 510 mo-

42 534 101 577 do
119 532 336 591 privatus,
363 530 442 572 sed
463 529 660 585 populus
681 526 831 584 potius
851 524 1048 577 liaberet,
1081 538 1221 581 quam

42 591 182 635 homo
213 587 571 643 elegantissimus
595 592 728 638 atque
756 581 1084 623 eruditissimus
1106 580 1151 623 V
1154 596 1226 622 er-

42 641 152 690 res?
188 644 410 687 nimirum
437 649 596 684 contra
623 639 712 682 dici
738 637 856 680 nihil
881 646 1043 693 potest.
1125 637 1226 680 No-

46 711 193 746 strum
213 701 335 743 enim
353 698 674 754 unusquisque,
704 695 779 752 qui
799 702 895 735 tam
917 694 1058 749 beati,
1087 709 1226 750 quam

44 760 129 804 iste
149 765 240 813 est,
266 773 362 799 non
381 770 558 807 sumus,
584 761 679 795 tam
697 750 877 793 delicati
897 765 991 792 esse
1009 766 1104 792 non
1123 766 1228 806 pos-

47 827 224 859 sumus:
255 813 291 855 si
311 811 490 869 quando
514 810 570 852 ali
607 809 682 851 uid
699 807 955 850 istiusmodi
974 807 1128 849 videre
1149 821 1230 850 vo·-

47 871 137 927 let,
184 877 257 912 eat
286 869 342 910 ad
377 867 533 909 aedem
596 863 824 918 elicitatiS,
871 863 928 904 ad
954 878 1230 906 monumen-

49 935 151 969 tum
174 925 348 981 Catuli,
377 923 425 965 in
445 922 675 980 porticum
695 919 900 973 Metelli3
931 919 1005 961 det
1026 935 1232 977 operam,

52 996 106 1025 ut
124 982 388 1026 admittatur
408 981 456 1022 in
474 978 662 1021 alicujus
678 979 870 1020 istorum
891 976 1234 1032 Tusculanum3

53 1047 227 1096 spectet
254 1037 410 1080 forum
438 1044 672 1089 ornatum,
719 1033 756 1076 si
791 1032 899 1088 quid
930 1032 1014 1074 iste
1041 1047 1233 1073 suorum

55 1095 276 1140 aedilibus
296 1091 712 1138 accommodavit31
744 1089 914 1131 Verres
937 1088 1048 1130 haec
1070 1088 1238 1131 habeat

56 1145 218 1193 domi?
255 1149 405 1191 Verre
426 1148 704 1190 ornamentis
721 1145 936 1188 fanorum
953 1153 1086 1201 atque
1108 1145 1240 1201 oppi-

58 1207 226 1250 dorum
251 1205 416 1246 habeat
450 1204 635 1260 plenam
677 1200 888 1255 domum,
934 1202 1062 1244 villus
1092 1201 1240 1243 refer-

58 1257 164 1307 tas?
193 1262 405 1305 Etiamne
423 1260 556 1302 huius
577 1259 775 1316 operarii
797 1259 945 1300 studia
965 1273 1014 1299 ac
1035 1257 1238 1314 delicias,

60 1320 259 1374 iudices,
287 1310 561 1374 perferetis?
592 1317 669 1371 qui
689 1317 751 1358 ita
769 1324 842 1357 nai
853 1331 901 1357 us
923 1322 1014 1369 est,
1044 1315 1105 1356 ita
1127 1314 1238 1355 edu-

62 1384 212 1431 catus,
239 1376 300 1418 ita
318 1372 463 1417 factus
484 1381 527 1414 et
547 1374 698 1414 animo
719 1379 764 1414 et
782 1386 989 1427 corpore,
1020 1379 1070 1412 ut
1090 1371 1239 1412 multo

64 1432 316 1490 appositior
344 1430 401 1471 ad
431 1429 698 1483 deferenda,
746 1442 882 1485 quam
909 1428 962 1469 ad
993 1426 1241 1468 auferenda

63 1489 194 1545 signa
219 1502 312 1530 esse
339 1486 559 1528 videatur.
613 1486 765 1544 Atque
792 1485 901 1525 haec
922 1483 1107 1540 Sappho
1136 1483 1243 1525 sub-

62 1543 158 1591 lata
192 1552 410 1602 quantum
440 1541 712 1584 desiderium
749 1540 817 1582 sui
847 1540 1105 1598 reliquerit,
1154 1540 1246 1581 dici

66 1601 148 1643 vix
170 1608 331 1658 potest.
380 1599 503 1642 Nam
525 1613 665 1654 quum
683 1598 780 1654 ipsa
799 1596 888 1639 fuit
910 1596 1090 1652 egregie
1109 1596 1244 1651 facta,

69 1663 171 1698 tum
204 1657 484 1712 epigramma
513 1654 742 1696 Graecum
776 1653 1013 1711 pernobile
1051 1653 1245 1694 incisum

73 1711 232 1759 habuit
258 1712 306 1754 in
332 1711 450 1765 basi,
498 1710 619 1766 quod
644 1711 728 1751 iste
756 1710 960 1752 eruditus
990 1709 1154 1759 homo,
1201 1716 1248 1750 et

75 1768 354 1821 Graeculus,
391 1766 466 1823 qui
485 1766 594 1808 haee
614 1765 838 1807 subtiliter
856 1765 1048 1819 iudicat,
1079 1765 1156 1820 qui
1177 1780 1249 1806 so-

74 1824 147 1865 lus
174 1824 412 1879 intelligit,
449 1823 485 1864 si
516 1836 648 1863 unam
680 1821 860 1863 literam
889 1821 1115 1862 Graecam
1143 1821 1250 1862 scis-

76 1888 169 1936 set,
206 1888 328 1921 certe
351 1894 445 1921 non
465 1878 727 1920 sustulisset.
785 1878 923 1919 Nunc
949 1879 1096 1932 enim,
1128 1877 1251 1933 quod

28 1963 31 1967 ι
76 1937 349 1993 inscriptum
377 1943 443 1976 est
469 1935 594 1977 inani
626 1934 673 1975 in
700 1933 820 1990 basi,
873 1932 1095 1989 declarat,
1142 1933 1251 1990 quid

79 1989 240 2048 fuerit,
278 2001 323 2034 et
340 1991 386 2038 id
406 1991 606 2038 ablatum
627 1990 806 2038 indicat.

134 2192 172 2229 1)
200 2187 287 2224 cod.
309 2189 401 2235 Reg.
425 2199 489 2235 ap.
510 2188 654 2223 Grae-vv.
686 2184 946 2226 commodarit,
997 2185 1134 2226 lamb,
1158 2197 1261 2221 com·

82 2233 262 2276 nodam,
