1416 2480
301 155 442 192 umm
469 154 698 191 nutritis.
746 155 847 191 ew.
875 166 935 202 9}-
1163 162 1221 196 ⁸52

58 247 200 291 iuriae
227 245 472 292 definitur?
510 247 597 290 Sed
627 248 671 289 in
699 248 780 289 ista
811 247 905 304 ipsa
924 246 1098 303 Sicilia,
1128 261 1218 290 non

57 319 270 366 quaeram
296 304 557 361 exemplum
585 303 716 345 foris:
755 303 837 344 hoo
868 303 966 360 ipso
992 317 1050 346 ex
1076 302 1220 346 consi-

53 358 116 400 lio
143 366 242 401 utar
268 358 500 415 exemplis.
590 358 638 400 C.
665 359 906 414 Marcelle,
954 366 996 402 te
1024 357 1216 416 appello.

53 413 230 456 Siciliae
261 414 541 470 provinciae,
578 429 717 471 quum
745 431 858 457 esses
899 429 980 472 pro
1009 414 1215 469 consule,

53 468 299 526 praefuisti.
357 469 482 511 Num
510 486 619 526 quae
650 471 697 510 iu
721 479 796 511 tuo
821 469 1011 527 imperio
1029 475 1047 499 ¹
1111 484 1213 511 ecu-

52 525 176 579 uiae,
222 525 359 567 cellae
392 526 597 580 nomine,
645 534 821 568 coactae
854 520 995 567 sunt?
1052 484 1212 582 §eque

54 596 139 635 ego
169 580 254 622 hoc
280 581 328 623 in
354 589 430 622 tua
458 581 588 623 laude
615 596 750 638 pono.
806 582 911 623 Alia
927 588 1032 624 sunt
1051 588 1128 622 tua
1146 580 1212 622 fa·

54 645 149 690 cta,
189 644 321 693 atque
351 637 558 691 consilia,
588 651 760 679 summa
780 637 910 678 laude
932 637 1088 692 digna3
1114 637 1213 694 qui-

49 691 131 733 bus
157 691 280 735 illam
309 700 358 735 tu
383 693 661 749 provinciam
680 692 893 734 afflictam
918 700 962 734 et
985 692 1210 750 perditam

44 747 227 789 erexisti
257 756 388 813 atque
415 749 636 790 recreasti.
693 748 810 790 Nam
837 748 921 790 hoc
946 749 999 791 de
1019 747 1132 790 cella
1151 763 1208 792 ne

44 802 245 860 Lepidus
257 804 435 859 quidem
453 802 633 858 fecerat,
653 805 784 846 cuitu
800 804 1058 846 successisti.
1080 803 1208 860 Quae

47 867 154 902 sunt
183 859 265 902 tibi
291 859 430 916 igitur
461 860 666 916 exempla
700 861 746 902 in
774 859 923 902 Sicilia
961 859 1122 914 cellae,
1169 861 1207 903 si

45 913 134 957 hoe
165 915 335 958 crimen
363 930 454 958 non
480 915 615 957 modo
635 915 837 958 Marcelli
866 915 1008 970 sacto,
1045 915 1121 957 sed
1146 931 1205 961 ne

46 968 212 1028 Lepidi
234 971 412 1027 quidem
432 979 558 1028 potes
575 968 848 1014 defendere?
878 971 951 1013 Au
966 986 1038 1015 me
1058 970 1113 1015 ad
1133 970 1202 1015 M.

47 1026 240 1069 Antonii
257 1029 609 1069 aestimationem
633 1027 872 1081 frumenti,
901 1027 1203 1069 exactionem-

79 1096 134 1123 ue
154 1083 369 1138 pecuniae
387 1091 674 1125 revocaturus
693 1077 773 1125 es?
802 1115 830 1137 „
844 1083 924 1138 Ita,
945 1082 1113 1138 inquit,
1143 1082 1201 1126 ad

46 1189 53 1193 ,
101 1168 112 1178 .
131 1138 371 1180 Antonii.“
442 1138 544 1182 Hoc
572 1139 693 1180 enim
721 1139 832 1180 mihi
861 1137 1128 1194 significasse
1155 1145 1200 1182 et

42 1194 250 1237 annuisse
277 1193 393 1236 visus
419 1202 496 1236 est.
561 1193 636 1240 Ex
662 1195 926 1236 omnibusne
954 1193 1100 1249 igitur„
1118 1208 1200 1250 po·

42 1248 142 1305 puli
163 1249 354 1292 Romani
376 1249 680 1306 praetoribus,
719 1249 1025 1302 consulibus,²
1054 1249 1198 1313 impc-

44 1304 300 1360 ratoribus,
355 1305 420 1347 M.
448 1305 702 1348 Antonium
735 1305 970 1361 delegisti,
1025 1312 1069 1346 et
1103 1321 1197 1348 eius

45 1373 187 1403 unum
206 1360 586 1418 improbissimum
597 1361 781 1416 factum,
802 1361 920 1417 quod
935 1361 1159 1404 imitarere
1171 1356 1196 1404 ἶ)

41 1414 103 1457 Et
131 1415 204 1459 hic
230 1424 384 1460 utrum
409 1417 520 1459 mihi
551 1416 730 1460 difficile
759 1426 824 1459 est
851 1416 1020 1472 dicere,
1048 1432 1104 1460 an
1123 1416 1196 1459 his

40 1471 324 1529 existimare,
360 1473 422 1514 ita
449 1488 493 1514 se
520 1473 568 1514 in
594 1473 672 1515 illo
699 1473 874 1515 infinito
902 1473 1092 1530 imperio
1125 1473 1191 1515 M.

41 1526 294 1570 Antonium
321 1529 527 1585 gessisse,
561 1537 612 1570 ut
631 1529 772 1570 multo
803 1529 875 1570 isti
899 1528 1192 1585 perniciosius

43 1582 100 1624 sit
126 1584 296 1639 dicere,
333 1599 378 1626 se
404 1584 450 1626 in
476 1600 526 1626 re
544 1585 870 1642 improbissima
888 1585 1078 1627 voluisse
1095 1584 1191 1627 An-

42 1638 219 1682 tonium
250 1640 441 1695 imitari,
487 1655 620 1697 quam
659 1640 918 1695 defendere,
959 1641 995 1682 si
1028 1641 1190 1696 possit,

41 1692 156 1736 nihii
173 1695 221 1738 in
238 1697 329 1738 vita
345 1707 400 1746 sei
409 1696 475 1739 M.
493 1696 682 1740 Antonii
700 1696 843 1739 simile
861 1696 1029 1739 secisse.
1046 1699 1061 1723 ³
1093 1695 1191 1740 Ho-

52 1934 58 1938 ’
88 1951 123 1989 ι)
148 1947 189 1982 in
198 1946 330 1988 franc.
346 1960 376 1988 ι.
400 1960 492 1997 quae
504 1957 569 1984 tuo
587 1948 753 1998 imperio,
767 1948 880 1994 idque
895 1949 1033 1990 probae
1047 1949 1192 1986 Graev·

44 2016 125 2096 ’63)
151 2017 434 2098 ρτὲοουειιιὶὗυο
455 2031 475 2051 e
489 2017 576 2053 cod.
597 2020 728 2057 Nann.
749 2018 947 2054 ediderunt
961 2020 1046 2058 Car,
1066 2016 1192 2064 steph,

79 2073 153 2096 rut.
221 2075 327 2103 mcv,

167 2131 304 2166 sensns
329 2142 406 2167 esu
449 2133 606 2169 Fatetur
641 2134 777 2169 Verres
809 2146 850 2168 se
890 2145 1004 2167 anum
1030 2133 1195 2167 Antonii

39 2177 521 2224 &nprobtssitrwmfactum
540 2182 734 2224 ἱηιὶςηιιυη
762 2192 865 2219 essen
902 2181 982 2212 Hoc
999 2185 1034 2213 ei
1054 2177 1108 2212 ad
1128 2178 1198 2212 da-

44 2227 275 2257 mnationem
293 2225 547 2270 perniciosius
572 2236 647 2263 esc.
672 2239 786 2272 quam.
805 2227 840 2260 si
859 2225 931 2270 {roc
953 2224 1062 2272 άίοαρ
1079 2233 1116 2258 eu
1134 2223 1199 2258 cle-
