1431 2481
195 164 272 209 ‘542
548 164 604 198 ΙΝ
628 163 836 198 νΕΜὶΕΜ
881 163 997 198 AC‘I'.
1021 163 1072 198 u.

210 257 381 300 mortui
407 256 585 298 sceleris
612 256 681 297 tui
708 263 865 312 testes,
907 264 1062 298 tamen
1088 268 1248 299 eorum
1274 269 1382 313 pro-

211 314 368 371 pinqui
399 328 546 370 neque
571 312 677 368 tibi,
721 328 866 369 neque
891 313 980 355 illis
1009 313 1192 364 desuntg
1228 320 1382 354 tamen

213 385 270 412 ex
305 370 384 411 illo
421 369 519 426 ipso
553 383 746 410 numero
784 370 1117 411 navarchorum
1155 368 1293 425 aliqui
1318 367 1385 409 vi-

213 434 326 467 vunt
350 434 394 467 et
422 426 608 476 adsunt3
646 440 780 480 quos,
810 433 860 467 ut
885 425 998 467 mihi
1023 425 1225 479 videtur,
1254 424 1310 466 ab
1329 423 1384 476 il÷

212 482 361 524 lorum
381 481 692 524 innocentium
707 495 852 536 poena
870 481 1053 524 fortuna
1071 481 1125 522 ad
1147 480 1260 522 hanc
1279 490 1384 522 cau-

213 553 309 579 sam
329 539 584 580 reservavit.
641 537 782 579 Adest
806 537 1073 579 Philarchus
1091 536 1387 592 Haluntinus,

215 594 317 649 qui,
353 595 457 650 quia
485 609 589 634 cum
622 593 867 636 Cleomene
896 609 989 635 non
1018 593 1159 650 fugit,
1197 608 1255 648 op
1293 608 1384 634 res-

214 666 286 691 sus
317 666 341 691 a
376 649 679 707 praedonibus
704 660 752 691 et
778 659 933 706 captus
963 657 1052 706 θεῖ’,
1100 649 1173 691 cui
1204 665 1253 690 ca
1275 648 1387 706 ami-

216 715 281 747 tas
301 707 433 747 saluti
452 705 563 760 fuit3
600 705 700 762 qui,
739 706 822 748 nisi
843 715 998 763 captus
1025 721 1049 748 a
1074 706 1230 762 piratis
1255 712 1384 756 esset,

214 763 260 804 in
290 761 411 803 hunc
439 761 714 819 praedonem
745 763 969 804 sociorum
1004 761 1245 804 incidisset.
1303 760 1385 802 Di-

217 818 285 860 cet
313 819 349 860 is
379 834 462 875 pro
489 818 750 860 testimonio
763 817 781 873 ,⁸
813 819 866 860 de
893 819 1105 860 missione
1124 825 1384 872 nautarum,

218 874 272 915 de
294 874 438 929 fame,
477 874 530 915 de
551 874 809 917 Cleomenis
835 874 956 929 fuga.
1014 875 1155 916 Adest
1173 873 1384 915 Centuri-

216 931 351 987 pinus
370 931 642 987 Phalargus‚
681 931 730 973 in
758 931 1032 987 amplissima
1055 930 1257 985 civitate,
1289 943 1384 969 am-

216 987 418 1043 plissimo
447 987 548 1029 loco
567 995 712 1029 natus.
769 987 943 1029 Eadem
965 988 1095 1030 dicit:
1122 986 1249 1028 nulla
1267 986 1317 1028 in
1334 1000 1384 1027 re
1413 1003 1426 1007 ·

216 1043 454 1101 discrepat.

329 1157 527 1200 XLVII.
595 1157 684 1199 Per
721 1157 825 1199 deos
854 1153 1154 1199 immortales!
1193 1156 1384 1211 iudices,

218 1228 307 1269 quo
332 1214 516 1255 tandem
536 1214 686 1256 animo
709 1209 905 1255 sedetis?
944 1215 1019 1255 aut
1041 1214 1153 1255 haec
1171 1213 1385 1270 quemad-

217 1269 408 1311 modum
435 1264 633 1312 auditis?
668 1271 836 1312 Utrum
866 1286 950 1327 ego
981 1269 1177 1326 desipio,
1207 1277 1252 1310 et
1283 1268 1383 1325 plus

217 1340 353 1381 quain
381 1327 485 1370 satis
517 1334 604 1368 est¹
639 1327 768 1368 doleo
796 1326 843 1367 in
866 1334 991 1368 tanta
1017 1326 1272 1368 calamitate
1297 1325 1385 1366 mi-

216 1382 419 1438 seriaque
444 1378 706 1424 sociorum?
755 1398 812 1424 an
840 1398 917 1424 vos
953 1397 1129 1439 quoque
1158 1382 1232 1423 hic
1262 1396 1387 1422 acer-

216 1437 422 1479 bissimus
449 1439 758 1481 innocentium
787 1439 1010 1481 cruciatus
1030 1447 1075 1480 et
1091 1452 1274 1480 maeror
1286 1437 1384 1494 pari

218 1509 350 1535 sensu
381 1494 549 1536 doloris
578 1491 752 1536 afficit?
789 1495 889 1551 Ego
916 1496 1039 1536 enim
1059 1509 1199 1550 quum
1219 1493 1386 1535 Herbi-

218 1557 414 1605 tensem,
454 1566 594 1606 quum
621 1551 959 1592 Heracliensem
990 1550 1137 1592 securi
1164 1565 1258 1591 esse
1289 1565 1388 1605 per·

217 1620 397 1647 cussum
427 1606 552 1662 dico,
580 1615 785 1648 versatur
814 1606 926 1647 mihi
957 1615 1060 1648 ante
1087 1606 1242 1647 oculos
1271 1605 1388 1647 indi·

217 1662 362 1716 gnitas
391 1663 669 1704 calamitatis.
752 1662 985 1704 Eorumne
1016 1661 1297 1718 populorum
1326 1661 1388 1702 ci-

215 1732 314 1771 ves,
353 1733 569 1760 eorumne
598 1733 813 1774 agrorum
838 1719 1106 1774 alumnos‚2
1137 1732 1196 1759 ex
1224 1717 1386 1773 quibus

219 1774 419 1816 maxima
447 1775 512 1816 vis
539 1775 759 1817 frumenii
799 1774 1037 1830 quotannis
1067 1774 1193 1831 plebi
1218 1774 1387 1815 Roma-

219 1845 325 1885 nae,
380 1831 568 1873 illorum
600 1831 750 1888 operis
781 1846 830 1872 ac
868 1830 1098 1873 laboribus
1129 1829 1386 1886 quaeritur,

219 1887 296 1940 qui
325 1901 348 1927 a
376 1888 666 1944 parentibus,
693 1903 770 1944 spe
787 1888 931 1930 nostri
948 1886 1152 1943 imperii,
1187 1892 1388 1928 nostrae-

221 1957 304 1998 que
331 1944 592 2001 aequitatis,
637 1944 831 2000 suscepti
862 1943 1126 2000 educatique
1157 1949 1288 1998 sunt,
1330 1941 1387 1982 ad

268 2103 303 2138 1)
331 2102 372 2134 In
397 2101 485 2140 edd,
509 2112 605 2136 von.
639 2102 721 2149 plus
753 2115 860 2148 quam
894 2102 979 2136 satis
1007 2113 1098 2148 opus
1131 2110 1200 2135 est.
1272 2099 1387 2134 Recte

218 2146 394 2179 Lambin.
418 2148 560 2182 delerit
584 2162 693 2195 opus,
726 2163 830 2196 quem
852 2151 972 2183 secuti
995 2160 1083 2183 sunt
1101 2148 1182 2186 alii,

261 2198 295 2233 2)
323 2194 388 2226 Ita
414 2196 562 2228 Gruter.
589 2209 608 2228 e
638 2195 750 2229 codd.
782 2194 929 2229 duobus
956 2195 1061 2230 Pall.
1113 2194 1217 2229 Olim
1249 2191 1387 2227 edeba-
1427 2207 1431 2223 ε

216 2248 275 2272 tur
306 2239 477 2274 colonos.
1428 2238 1431 2264 ἶ
