1416 2480
263 116 406 155 mmm
432 109 674 160 Qum‘rns.
726 105 829 144 cm
856 114 891 148 3.
916 111 952 152 ⁴-
1146 112 1216 155 275

36 225 156 261 teras
173 210 428 273 provincias
447 205 769 258 obtinuerunt,
799 193 1125 257 praedicatur?
1155 215 1212 243 an

39 272 161 331 quod
191 272 235 312 iu
258 266 408 311 Sicilia
427 265 518 306 iam
539 268 641 304 ante
663 259 777 300 bella
795 256 1092 313 lugitivorum
1114 256 1212 298 fue.

37 323 187 372 runt?
229 328 294 369 At
321 338 371 366 ea
399 321 494 378 ipsa
535 331 664 359 causa
700 322 788 368 est,
834 327 916 353 cur
945 311 1061 353 ista¹
1105 328 1211 367 pro-

36 385 187 429 vincia
213 380 405 424 minimo
429 378 476 418 in
503 372 707 429 periculo
729 371 784 411 sit
814 377 857 410 et
876 367 1027 410 fuerit.
1084 368 1210 413 Nun

38 449 329 500 posteaquam
349 429 478 476 illinc
501 430 564 472 Μ’
579 426 802 484 Aquill'us
824 424 1034 478 decessit,
1065 426 1212 468 omni..

38 512 120 539 um
148 495 352 538 instituta
383 499 514 545 atque
541 485 687 527 edicta
725 490 985 539 praetorum
1026 480 1214 525 fuerunt

39 549 285 604 eiusmodi,
332 556 377 589 ul
410 562 464 587 ne
494 543 590 600 quis
628 553 732 581 cum
769 538 860 579 telo
900 551 1053 578 servus
1082 546 1210 581 esset,

39 609 186 652 Vetus
213 614 279 648 est
306 602 422 662 quod
445 601 617 653 dicam,
656 603 697 637 et
721 601 909 651 propter
928 593 1212 637 severitatem

37 662 238 720 exempli
265 658 436 704 nemini
471 655 658 698 fortasse
695 657 895 692 vestrum
932 648 1214 694 inauditum:

38 721 96 765 L.
116 718 371 762 Domitium
394 720 648 771 praetorem
667 708 714 749 in
734 705 910 760 Sicilia,
941 719 1079 760 quum
1098 720 1210 762 aper

37 791 200 832 mgens
229 773 283 815 ad
317 786 420 814 eum
459 768 617 810 allatus
647 770 784 816 esset,
836 761 1110 803 admiratum
1140 777 1212 805 re-

38 832 241 888 quisisse,
264 829 361 886 quis
381 840 485 868 eum
505 819 816 879 percussisse13
835 831 976 873 quum
997 817 1213 872 audisset,

39 897 270 954 pastorem
296 883 529 925 cuiusdam
555 876 714 927 fuisse,
764 889 869 915 euin
897 872 953 913 ad
982 888 1028 914 se
1059 876 1212 917 vocari

39 945 244 995 :iussisse3
287 940 419 981 illum
456 933 615 991 cupide
653 931 710 973 ad
748 936 1032 986 praetorem,
1089 930 1216 993 quasi

43 1001 98 1043 ad
131 999 311 1041 laudem
359 1002 491 1050 atque
522 989 577 1032 ad
615 986 894 1045 praemium,
941 999 1216 1043 accurrisse3

42 1056 263 1114 quaesisse
283 1050 565 1102 Domitium,
591 1044 663 1101 qui
688 1050 860 1084 tantam
902 1040 1088 1082 bestiam
1109 1057 1215 1098 per..

20 1110 275 1163 ‘cussisset3
318 1107 450 1149 illum
479 1099 784 1158 respondisse,
830 1096 1078 1151 vena¹›ulo;
1125 1106 1218 1140 sta.

41 1169 126 1210 tim
155 1165 315 1208 deinde
334 1163 458 1204 iussu
486 1154 708 1215 praetoris
728 1155 776 1196 in
796 1167 979 1194 crucem
998 1167 1091 1195 esse
1110 1153 1217 1196 sub-

41 1225 199 1267 latum.
258 1221 438 1263 Durum
472 1216 558 1257 hoc
585 1211 773 1254 fortasse
803 1208 1032 1263 videatur,
1068 1225 1217 1266 neque

45 1295 131 1338 ego
158 1278 298 1320 ullam
325 1276 375 1317 in
403 1279 578 1331 partem
603 1268 794 1323 disputo.
853 1264 894 1306 T
897 1272 1055 1307 autum
1083 1266 1219 1308 intel-

43 1337 162 1392 ligo,
190 1332 402 1376 maluisse
422 1325 679 1370 Domitium
699 1321 930 1364 crudelem
946 1321 993 1362 in
1014 1321 1220 1363 animad-

44 1390 289 1443 vertendo,
338 1387 474 1444 quam
510 1383 558 1426 in
592 1377 996 1438 praetermittendo
1027 1377 1220 1426 dissoluq

45 1456 146 1491 tum
173 1445 333 1491 videri.

159 1559 242 1603 IV.
299 1557 425 1615 Ergo
455 1553 522 1597 his
551 1549 764 1596 institutis
797 1547 1081 1607 provinciae,
1126 1547 1222 1591 iam

47 1626 171 1671 tum,
225 1630 366 1672 quum
395 1613 514 1653 bello
543 1609 839 1666 fugitivorum
868 1613 963 1647 tota
992 1604 1121 1646 Italia
1149 1619 1223 1645 ar-

49 1674 201 1727 deret,
240 1673 375 1711 homo
394 1683 488 1709 non
516 1665 784 1718 acerrimus,
821 1676 904 1703 nec
934 1659 1222 1715 fortissimus,

51 1729 103 1770 C.
126 1726 394 1780 Norbanus,
432 1724 479 1765 in
508 1735 684 1762 summo
715 1719 806 1760 otio
832 1717 932 1758 fuit.
998 1713 1223 1757 Perfacile

51 1785 172 1826 enim
205 1797 298 1824 sese
321 1779 500 1822 Sicilia²
532 1776 767 1830 tuebatur,
812 1788 868 1815 ne
901 1772 1019 1828 quod
1049 1771 1094 1812 in
1121 1771 1230 1835 ipsa-

50 1840 222 1883 bellum
251 1845 399 1894 posset
431 1834 636 1876 existere.
720 1830 903 1872 Etenim
939 1841 1079 1884 quum
1106 1825 1225 1869 mhil

50 1904 144 1938 tam
163 1896 457 1938 coniunctum
479 1891 562 1947 sit,
600 1902 736 1945 quam
757 1885 1060 1943 negotiatores
1078 1881 1227 1925 nostri

103 2068 141 2114 ι)
170 2067 238 2102 ista
270 2076 372 2102 recte
399 2071 619 2109 receperunt
650 2061 794 2098 Graev.
813 2059 904 2093 Em.
935 2070 956 2090 e
982 2053 1098 2091 codd.
1132 2052 1228 2101 fleg-3

59 2112 190 2160 Gueff.
218 2125 288 2159 pro
317 2113 424 2158 vulg,
452 2112 544 2158 ipsa.

100 2171 136 2198 2)
163 2160 208 2194 In
229 2157 343 2193 codd.
363 2159 454 2205 Reg.
478 2166 515 2192 eu
535 2153 669 2201 Gueff·
689 2152 853 2188 additur
878 2151 964 2191 iam,
993 2157 1185 2196 receptum
1204 2157 1232 2179 a

60 2207 204 2242 Graev.
226 2205 340 2239 Beck.
