1431 2475
259 133 403 170 unm
436 133 711 172 srcuuntrs.
759 135 872 172 cap.
902 142 958 180 24.
1125 144 1191 186 ¹89

38 234 83 269 te
101 233 252 286 postea
271 225 381 284 tuit,
418 241 550 285 eques
570 227 824 284 Romanus,
857 235 980 270 tanta
1007 238 1187 287 accepta

37 282 296 340 ignominia.
378 282 500 325 Nam
529 283 636 348 quid
663 290 728 325 est
762 284 936 341 turpius
972 285 1190 343 ingenuo,

38 338 145 395 quid
176 338 323 380 minus
341 337 484 380 libero
504 339 687 396 dignum
700 370 713 394 ‚
751 355 883 396 quam
903 340 948 382 in
967 350 1191 385 conventu

37 394 238 436 maximo
272 394 374 451 cogi
401 409 427 436 a
459 395 724 451 magistratu
759 398 931 438 furtum
963 394 1188 439 reddere?

69 450 136 505 ui,
177 449 213 491 si
240 464 292 492 eo
320 450 469 492 animo
495 459 641 504 esset,
669 466 755 508 quo
780 467 872 495 non
892 451 1026 495 modo
1053 467 1186 509 eques

35 465 292 558 Romanus,
324 505 402 547 sed
422 506 562 562 quivis
590 507 704 549 liber
731 507 862 550 debet
891 524 1004 561 esse,
1043 510 1189 566 adspi-

36 575 137 602 cere
164 569 207 602 te
233 569 385 618 postea
403 577 494 603 nou
546 563 751 619 otuisset,
791 564 1018 620 inimicus,
1047 563 1188 608 hostis

36 625 151 663 esset
166 623 287 659 tanta
306 625 517 660 contume
541 619 579 659 ia
597 628 792 676 accepta,
822 620 906 662 nisi
925 627 1074 662 tecum
1096 622 1188 662 col-

34 670 235 728 lusisset,
281 681 324 715 et
353 681 455 715 tuae
490 675 638 730 potius
671 676 993 718 existimationi
1029 677 1189 718 servis-

36 734 129 781 set,
164 743 297 785 quam
325 743 441 771 suae.
508 730 597 782 Qui
628 746 760 786 quam
789 732 870 774 tibi
901 731 1068 774 amicus
1094 748 1188 782 nou

36 783 172 825 modo
199 792 298 826 tum
325 784 484 840 fuerit,
522 786 734 842 quamdiu
758 795 907 830 tecum
933 788 981 830 in
1008 788 1190 845 provin-

37 838 106 881 cia
138 839 247 895 fuit,
292 855 450 883 verum
485 843 619 883 etiam
655 857 773 885 nunc
804 844 883 899 sit,
927 858 1066 899 quum
1095 844 1187 886 izun

38 909 65 935 a
89 896 248 937 ceteris
274 896 426 937 amicis
453 898 510 938 sis
549 898 754 954 relictus,
803 907 845 940 et
873 908 921 941 tu
952 899 1188 956 intelligis,

38 957 86 992 et
106 965 186 992 nos
217 951 470 993 existimare
497 962 743 1009 possumus.
825 955 900 996 An
929 954 1013 996 hoc
1039 955 1186 998 solum

37 1014 351 1062 argumentum
372 1015 450 1063 est,
473 1008 585 1050 nihil
608 1009 688 1050 isto
702 1009 983 1067 imprudente
1001 1010 1188 1067 iactum,

38 1061 158 1117 quod
182 1061 409 1104 Volcatius
438 1064 477 1105 ei
506 1080 597 1105 nou
624 1061 912 1108 succensuit?
957 1067 1075 1130 quod
1105 1067 1187 1109 iste

36 1131 120 1159 nec
148 1116 194 1158 in
216 1117 496 1174 Volcatium,
533 1134 614 1160 nec
641 1119 688 1160 in
706 1120 889 1164 Bidinos
910 1123 1190 1164 animadver-

36 1166 128 1213 tit?
167 1172 250 1214 Est
273 1187 488 1230 magnum
515 1185 853 1230 argumentum3
889 1191 1048 1220 verum
1074 1177 1188 1220 illud

35 1228 286 1270 maximum
299 1259 312 1283 ‚
341 1230 459 1285 quod
478 1231 564 1272 illis
584 1230 687 1287 ipsis
706 1232 894 1289 Bidinis,
923 1233 1080 1290 quibus
1101 1234 1189 1276 ira-

35 1290 107 1325 tus
133 1298 224 1326 esse
254 1283 433 1340 debuit,
469 1295 520 1328 ut
547 1301 569 1327 a
599 1286 757 1343 quibus
785 1290 1028 1347 comperit,
1067 1287 1187 1345 quod

35 1338 134 1381 iure
153 1354 284 1396 agere
303 1354 406 1382 cum
423 1341 633 1399 Epicrate
649 1342 764 1386 nihil
782 1353 985 1402 possent,
1013 1345 1190 1388 etiamsi

35 1394 230 1449 adesset,
272 1395 435 1444 iccirco
462 1413 588 1443 suum
624 1397 851 1444 decretum
878 1401 1068 1459 pecunia
1093 1416 1188 1444 esse

36 1457 281 1494 tentatum:
314 1449 406 1509 his,
433 1454 638 1510 inquam,
674 1455 780 1512 ipsis
800 1473 891 1500 non
907 1457 1189 1500 modoinum

35 1504 354 1563 hereditatem,
389 1523 500 1565 quae
524 1509 726 1566 Epicrati
754 1522 958 1569 venerat,
995 1514 1095 1567 sed,
1135 1523 1186 1556 ut

34 1561 85 1604 in
102 1561 314 1606 Heraclio
343 1564 646 1621 Syracusaiio‚
683 1567 793 1610 item
814 1569 860 1610 in
882 1568 993 1625 hoc,
1032 1570 1186 1626 paullo

36 1617 171 1659 etiam
182 1619 389 1674 atrocius,
409 1620 526 1676 qu'od
536 1620 765 1678 Epicrates
776 1625 1024 1682 appellatus
1044 1627 1189 1668 omni·

36 1683 97 1714 no
131 1688 225 1715 non
255 1683 380 1731 erat,
442 1675 558 1718 bona
593 1678 737 1733 patria
773 1681 1063 1738 fortunasque
1090 1681 1187 1724 eius

34 1727 208 1771 Bidinis
235 1730 432 1774 tradidit.
496 1732 706 1775 Ostendit
735 1736 855 1778 enim
888 1749 1005 1778 novo
1033 1737 1186 1794 modo,

36 1784 74 1826 si
101 1785 197 1841 quis
256 1786 333 1828 uid
351 1787 405 1829 ab
424 1787 601 1830 absente
621 1799 813 1884 feteret,
848 1807 893 1834 se
913 1791 1183 1835 auditurum.

35 1839 218 1883 Adeunt
276 1841 409 1899 idini,
445 1851 604 1900 petunt
638 1847 940 1902 tereditatem3
973 1863 1188 1904 procura-

37 1900 156 1937 tores
188 1897 438 1954 postulant,
487 1906 536 1940 ut
563 1915 606 1941 se
635 1900 689 1942 nd
716 1902 837 1960 leges
864 1911 961 1944 suas
990 1904 1184 1960 reiiciat,

39 1957 115 1991 aut
140 1965 197 1992 ex
222 1953 320 2008 lege
338 1953 519 2012 Rupilia
545 1954 691 1997 dicam
719 1958 851 2000 scribi
876 1958 1038 2001 iubeat.
1093 1960 1186 2002 Ad·

38 2007 219 2049 versarii
255 2023 349 2050 non
385 2010 605 2052 audebant
639 2012 793 2055 contra
821 2014 993 2070 dicere,
1039 2015 1185 2058 exitus

41 2059 190 2103 nullus
230 2065 549 2120 reperiebatur.
644 2067 909 2113 Insimulant
956 2068 1186 2113 hominem

36 2113 271 2160 fraudandi
300 2134 430 2162 causa
457 2122 727 2176 discessisse3
762 2125 1014 2181 postulant,
1039 2134 1090 2167 ut
1108 2127 1185 2167 bo-

38 2183 95 2211 na
122 2171 344 2226 possidere
372 2176 514 2219 liceat.
598 2177 802 2222 Debebat
827 2180 1060 2238 Epicrases
1085 2183 1187 2223 nul-
