1431 2481
176 149 227 190 fio
527 149 585 186 IN
596 146 813 186 VERREM
858 151 971 187 ACT.
992 152 1046 187 11.

182 253 281 287 tum
308 252 467 286 natum
495 236 644 284 esset?
703 243 866 285 Etiam.
933 238 1211 299 Quomodo?
1247 244 1348 288 Ma-

177 301 390 358 gistratus
431 314 488 340 ex
514 297 652 355 ipsius
674 305 693 328 1
725 299 874 342 edicto
904 300 1083 355 exigere
1113 300 1348 343 debebant.

180 358 245 401 At
277 363 426 397 arator
456 363 660 412 repetere
685 362 874 413 poterat.
942 356 1118 397 Verum
1149 355 1350 401 Artemi-

181 413 293 454 doro
312 419 644 469 recuperatore.
701 411 843 466 Quid,
873 413 908 454 si
926 412 1075 454 minus
1104 413 1256 455 arator
1272 413 1348 455 de-

181 469 338 523 disset,
367 483 499 524 quam
521 462 1068 525 poposcissetApronius'?
1125 468 1350 511 Iudicium

181 524 230 568 in
250 532 473 566 aratorem
493 524 542 565 iu
561 522 876 579 quadruplum.
931 524 1007 566 Ex
1031 539 1119 580 quo
1145 524 1347 567 iudicum

182 595 374 623 numero
387 575 411 622 ‘?
467 581 542 622 Ex
562 579 751 621 cohorte
772 581 992 634 praetoris
1011 580 1242 637 praeclara
1266 580 1348 623 ho-

181 636 801 679 minumhonestissimorum.
831 636 955 688 Quid
969 632 1197 691 amplius?
1225 634 1349 692 „Mi-

180 708 266 735 nus
292 701 336 734 te
354 693 565 748 iugerum
586 691 840 749 professum
864 707 955 734 esse
977 692 1101 734 dico:
1132 696 1251 749 quod
1271 693 1351 735 ad-

180 761 361 790 versum
373 749 567 791 edictum
579 748 770 790 feceris.²
794 748 1149 805 Recuperatores
1161 749 1293 791 reiice
1304 746 1348 792 !“

180 805 255 848 Ex
266 820 353 861 quo
363 799 589 847 numero?
646 804 752 859 „Ex
762 805 917 845 eadem
930 802 1169 846 cohorte.“
1224 804 1349 857 Quid

179 862 266 903 erit
285 868 541 903 extremum
554 856 578 903 ’ἶ
606 861 686 916 „Si
698 860 930 902 damnatus
947 859 1094 915 eris,“
1123 858 1243 921 (nam
1265 860 1348 902 du-

181 916 338 959 bitatio
360 917 674 968 damnationis,
698 916 785 957 illis
796 916 1203 973 recuperatoribus,
1233 931 1348 974 quae

180 981 360 1030 poterat
379 989 469 1016 esse
481 967 523 1033 ?)
560 973 727 1030 „virgis
746 980 789 1014 te
812 971 868 1014 ad
882 987 1041 1016 necem
1059 973 1184 1015 caedi
1195 987 1346 1015 necess·

178 1045 223 1071 se
243 1030 340 1071 erit.
356 1031 384 1055 ‘⁴
1210 1048 1211 1051 ¹

290 1141 452 1185 XXX.
526 1142 612 1184 His
649 1142 846 1198 legibus,
889 1142 960 1184 his
997 1142 1348 1198 conditionibus‚'

177 1199 240 1240 eri
248 1206 263 1239 t
283 1199 516 1255 quisquam
532 1206 624 1239 tam
644 1200 826 1252 stultus,
856 1199 931 1254 qui
952 1198 1158 1240 decumas
1172 1198 1346 1240 venisse

177 1249 457 1296 arbitretur?
499 1254 575 1310 qui
604 1255 770 1295 aratori
798 1268 962 1296 novem
981 1262 1129 1310 partes
1149 1254 1344 1310 reliquas

173 1311 313 1353 factas
351 1325 443 1353 esse
479 1305 738 1353 existimet?
785 1310 862 1366 qui
886 1309 1249 1367 nonjntelligat,
1287 1310 1346 1351 is-

178 1375 278 1408 tum
332 1366 415 1409 sibi
469 1366 672 1424 quaestui
716 1366 994 1422 praedaeque
1011 1365 1216 1408 habuisse
1263 1365 1344 1407 bo·-

175 1438 257 1478 na,
285 1424 602 1480 possessione3‚
631 1422 832 1464 fortunas
854 1415 1120 1463 aratorum?
1176 1422 1344 1478 Virga-

173 1494 280 1521 rum
322 1488 448 1521 metu
500 1478 807 1536 Agyrinenses
827 1510 839 1532 ‚
894 1479 1014 1533 quod.
1066 1477 1340 1535 imperatum

177 1543 322 1591 esset,
373 1536 574 1579 facturos
633 1550 678 1577 se
745 1550 836 1576 esse
897 1534 1122 1576 dixerunt.
1205 1533 1339 1576 Acci-

174 1589 268 1648 pite
298 1607 446 1648 nunc,
486 1592 592 1650 quid
619 1590 873 1646 imperarit:
913 1599 956 1632 et
975 1590 1248 1633 dissimulate
1267 1597 1284 1630 ³
1302 1589 1340 1632 si

175 1649 384 1705 potestiS,
429 1663 507 1692 vos
542 1648 820 1703 intelligere,
874 1647 1023 1703 ipsum
1088 1654 1338 1702 raetorem,

175 1704 297 1761 quod
340 1711 436 1748 tota
470 1704 624 1748 Sicilia
654 1703 960 1761 perspexerit,
1004 1718 1053 1746 re
1088 1710 1340 1761 emptorem

222 1849 256 1884 ι)
286 1842 386 1876 istiu·
408 1842 542 1876 Lamb.

217 1915 256 1952 2)
285 1911 518 1959 Transposui
534 1912 653 1947 verba
679 1924 774 1960 quae
791 1913 905 1959 vulgo
924 1913 979 1946 sic
1000 1911 1250 1947 0rdinanmr:
1280 1924 1336 1947 es-

173 1968 215 1990 ee
238 1957 343 1998 dico;
375 1968 652 2006 recuperatores
668 1958 799 1995 reiice,
832 1957 933 2004 quod
951 1957 1140 1992 adversum
1172 1957 1334 1992 edictum

171 2003 318 2038 feceris.
368 2005 443 2038 Pro
476 2004 588 2038 reiice
610 2005 752 2038 Graev.
775 2004 940 2048 putabat
970 2003 1207 2038 scribendum
1241 2004 1334 2039 teci-

171 2061 233 2097 pe.
283 2049 359 2084 Sed
379 2049 476 2084 nihil
492 2049 730 2084 mutandum.
753 2049 801 2083 cf.
826 2061 857 2089 c,
884 2061 936 2082 n.
958 2057 1016 2096 59.

215 2123 251 2160 5)
293 2119 416 2165 Vulgo
450 2128 533 2151 erat
562 2118 788 2154 dissimulate
818 2130 893 2152 vos.
944 2119 1156 2152 Pronomen
1185 2119 1245 2152 his
1270 2131 1332 2153 su-

164 2166 364 2211 pessmcm,
388 2165 435 2198 ab
454 2164 548 2198 Ern.
567 2170 671 2198 uncis
687 2166 875 2200 inclusum
899 2164 1039 2200 deleri.
1075 2166 1226 2201 Her-elio
1247 2167 1331 2212 pla—

170 2212 299 2246 cebaz‘:
327 2209 552 2246 dissimulate
584 2212 733 2260 quaeso.
