1420 2491
143 169 211 207 ¹54
464 161 520 197 ΙΝ
553 159 759 198 VERREM
805 158 920 194 ACT.
946 159 995 195 11.

105 300 108 303 ,
175 263 330 299 ater-ei.
389 254 546 307 Quare
566 255 617 296 P.
635 252 907 310 Africanus,
937 250 1219 308 Karthagine.
1247 250 1324 292 dc·

138 273 255 368 ῗοῐει,
294 312 556 354 Siculorum
586 311 720 354 urbes
757 311 893 367 signis
927 309 1323 364 monumentisque

142 368 468 429 pulcherrimis
490 368 751 410 exornavit:
789 375 836 409 ut
850 399 863 422 ,
903 384 919 407 c
934 382 1014 408 uos
1033 364 1224 408 victoria
1243 371 1325 420 po-

141 426 243 485 puli
253 424 453 467 Romani
470 425 670 467 maxime
691 424 849 466 laetari
863 383 1184 476 arifltrabatur,
1204 418 1327 477 apud

147 499 224 525 eos
254 489 555 525 monumenta
582 481 798 531 victoriae
830 481 1032 538 plurima
1065 479 1325 521 collocaret.

145 539 359 595 Denique
386 538 465 580 ille
496 538 510 579 i
547 553 592 579 se
623 537 689 580 M.
717 537 987 592 Marcellus,
1025 537 1153 578 cuius
1180 535 1230 577 in
1258 533 1328 575 Si-

148 596 254 638 cilia
278 595 497 638 virtutem
540 602 696 649 lostes,
734 594 1094 636 misericordiam
1118 591 1250 647 victi,
1275 589 1330 633 fi-

147 653 340 709 demque
379 651 516 694 ceteri
545 651 685 693 Siculi
712 658 1080 708 perspexerunt,
1127 663 1223 691 non
1259 662 1331 690 so·

145 710 247 753 lum
271 708 403 750 sociis
431 707 480 750 in
508 723 560 750 eo
580 707 702 749 bello
723 707 976 762 consuluit,
1013 720 1174 749 verum
1192 704 1330 746 etiam

147 765 370 823 superatis
414 762 619 806 hostibus
654 764 937 820 temperavit.
1020 762 1198 806 Urbem
1231 760 1335 818 pul-

151 822 454 875 cherrimam,
485 822 746 878 Syracusas,
780 835 892 876 quae
913 835 1055 877 quum
1072 834 1214 861 manu
1229 832 1332 860 mu-

150 878 376 922 nitissima
398 885 534 932 esset,
569 884 670 917 tum
697 876 786 917 loci
814 884 977 919 natura
1005 884 1129 918 terra
1159 889 1210 916 ac
1236 888 1335 916 ma-

152 936 195 978 ri
223 933 543 989 claudebatur,
581 947 722 990 quum
749 933 794 975 vi
821 932 1100 990 consilioque
1129 931 1338 988 cepisset,

152 1007 250 1035 non
276 990 426 1032 solum
445 990 723 1032 incolumem
742 1003 897 1047 passus
925 997 991 1031 est
1017 1004 1135 1046 esse,
1167 988 1247 1029 sed
1277 987 1337 1029 'ta

154 1047 343 1104 reliquit
371 1054 603 1100 ornatam,
645 1054 693 1087 ut
713 1054 826 1088 essct
846 1045 968 1088 idem
984 1052 1256 1088 monument
1289 1059 1338 1086 m

153 1103 396 1157 victoriae,
424 1103 805 1158 mansuetudinis,
837 1102 1168 1156 continentiae3
1196 1102 1340 1158 qilum.

157 1160 369 1204 homines
396 1158 626 1214 viderent,
684 1167 727 1200 et
757 1159 864 1215 quid
901 1165 1204 1222 expugnasset
1224 1188 1236 1210 ,
1294 1164 1340 1199 et

162 1216 327 1274 quibus
352 1215 653 1273 pepercisset,
692 1223 736 1256 et
755 1229 867 1270 quae
891 1215 1159 1271 rehquisset.
1216 1212 1259 1254 T
1262 1229 1342 1256 an-

161 1283 261 1317 tum
289 1273 365 1314 ille
393 1271 618 1313 honorem
643 1271 822 1312 Siciliae
853 1270 1117 1312 habendum
1149 1270 1343 1327 putavit,

161 1338 216 1372 ut
242 1344 300 1371 ne
327 1327 529 1370 hostium
561 1328 743 1383 quidem
764 1328 923 1368 urbem
946 1342 1004 1368 ex
1023 1326 1253 1369 sociorum
1273 1326 1346 1368 in·
1398 1375 1401 1377 ¹

164 1387 263 1429 sula
294 1383 544 1427 tollendam
564 1385 873 1425 arbitraretur.
932 1383 1088 1440 Itaque
1109 1382 1165 1424 ad
1187 1397 1347 1425 omnes

164 1459 237 1486 res
275 1441 428 1483 Sicilia
461 1440 696 1496 provincia
732 1456 912 1497 semper
946 1440 1015 1481 usi
1048 1454 1227 1492 sumus,
1269 1446 1346 1495 ut,
1377 1451 1383 1460 '

165 1497 387 1556 quidquid
417 1511 475 1538 ex
501 1511 594 1538 sese
621 1506 772 1553 posset
800 1496 991 1552 efferre,
1031 1496 1079 1537 id
1106 1511 1202 1538 non
1224 1496 1346 1553 apud

169 1571 245 1597 eos
276 1553 424 1609 nasci,
471 1554 548 1595 sed
577 1554 701 1595 domi
728 1561 909 1595 nostrae
947 1552 1220 1595 eonditum1
1263 1568 1349 1610 pu-

166 1621 381 1654 taremus.
448 1609 643 1661 Quando
673 1610 748 1651 issa
775 1611 1084 1665 frumentum,
1124 1608 1246 1666 quod
1271 1609 1348 1651 de-

167 1669 319 1722 beret,
356 1682 451 1708 11011
481 1667 535 1708 ad
565 1667 686 1708 diem
707 1666 829 1708 dedit
842 1661 867 1707 ’ἶ
907 1666 1102 1722 Quando
1121 1667 1194 1721 id,
1224 1665 1349 1722 quod

167 1740 283 1782 opus
319 1738 413 1765 csse
450 1731 665 1780 putaret,
712 1739 807 1765 nou
844 1723 966 1764 ultro
1005 1722 1209 1779 pollicita
1246 1716 1348 1764 est?

169 1781 365 1833 Quando
384 1779 447 1835 id,
479 1780 598 1835 quod
620 1780 940 1836 imperareuu‘,
970 1773 1228 1821 recusavit?
1259 1777 1350 1820 Ita-

171 1853 258 1894 que
282 1837 358 1878 1110
381 1835 444 1877 Μ.
468 1836 581 1877 Cato
602 1836 820 1892 Sapiens,
844 1836 1003 1877 cellam
1031 1835 1266 1892 penariam
1283 1834 1353 1876 rei

168 1894 380 1950 publicae
408 1900 613 1948 nostrae,
659 1892 888 1934 nutricem
926 1892 1070 1948 plebis
1100 1891 1352 1946 Romanae,

171 1950 375 1992 Siciliam
403 1949 669 1991 nominavit.
728 1948 825 1990 Nos
851 1963 959 1989 vero
983 1948 1162 2005 experti
1182 1961 1354 2001 sumus,

173 2006 332 2049 Italico
353 2005 558 2046 maximo
580 2005 939 2061 difficillimoque
963 2005 1108 2059 bello,
1151 2003 1354 2046 Siciliam

172 2062 305 2105 nobis
333 2077 428 2104 non
458 2076 540 2118 pro
569 2061 756 2119 penaria
779 2061 914 2117 cessa,
958 2060 1044 2112 sed¹
1064 2075 1151 2119 pro
1179 2059 1355 2102 aerario

225 2190 258 2234 1)
287 2188 395 2221 Male
418 2191 516 2219 inter
545 2185 738 2220 conditum
766 2196 802 2221 et
832 2195 1043 2234 putaremus
1071 2194 1151 2220 vet.
1177 2182 1265 2219 cod.
1292 2196 1356 2231 ap.

176 2235 358 2270 Lambin.
373 2234 544 2268 inculcat
564 2233 649 2272 iam,
675 2233 851 2281 idemque
861 2243 1081 2281 receperunt
1093 2233 1239 2268 Graev.
1253 2231 1367 2266 Lall-
