1416 2480
256 138 311 174 IN
329 135 439 173 ACT.
464 137 510 172 11.
533 136 588 172 IN
608 134 824 171 VERREM.
853 135 942 169 LIB.
963 134 996 168 Ι.-
1132 141 1198 181 527

45 237 181 275 hostes
198 234 466 280 iudicaverat,
493 239 534 270 et
553 230 820 284 inquirendos
842 230 1106 268 mandaverat
1125 229 1198 267 Ser<

44 299 177 331 natus.
234 290 287 329 Hi
303 295 438 328 tamen
462 290 511 326 ad
531 290 721 327 ultimum
740 288 790 324 ad
813 288 1012 324 Romanos
1034 286 1198 337 prodito

46 362 98 386 ex
117 361 259 400 magna
278 352 392 398 parte
414 345 652 383 Mithridate
679 344 903 381 redierunt.

155 426 299 470 usque
336 424 365 451 a
396 408 579 450 Dt'anio
613 406 679 448 ad
709 406 945 462 Sinopen]
998 407 1194 446 Dianium

45 471 264 525 Hispaniae
281 469 485 508 maritima
508 468 673 514 civitas,
701 464 850 516 Sinope
870 464 992 502 Ponti
1014 470 1096 512 est,
1123 464 1197 501 ubi

43 527 133 568 Rex
151 526 406 566 Mithridates
427 529 528 562 erat.

153 637 249 692 Cap.
277 635 440 676 XXXV.
519 630 1018 683 renuntiationemque
1057 626 1193 682 eius]

42 696 138 747 quia
155 694 487 741 renuntiaverat,
517 704 663 729 navem
682 703 705 726 a
723 688 851 725 Verre
872 686 914 724 L.
936 686 1070 738 Magio
1089 700 1191 725 ven-

42 751 171 789 ditam
190 751 326 789 fuisse.

154 818 252 844 non
271 803 420 844 solum
442 799 566 843 illud
585 796 908 856 perscribunt,
947 794 1076 852 quod
1091 806 1192 835 cam

39 858 271 916 prohibiti
308 869 440 903 sunt,
487 855 569 898 sed
609 856 753 895 eciam
786 864 979 892 causam
1007 849 1189 891 adscri-

44 914 188 969 bunt]
219 916 369 955 Sensus
397 916 466 954 hic
495 921 574 953 est:
621 926 704 950 non
729 912 860 949 solum
892 908 1120 960 prohibitos
1147 922 1189 945 se

42 973 246 1020 scribunt,
282 972 353 1010 sed
388 986 461 1010 cur
497 986 537 1009 se
566 969 821 1020 magistratus
854 966 940 1016 ipse
960 964 1190 1015 prohibere

42 1029 270 1077 curaverit3
299 1041 350 1066 ne
376 1042 500 1079 quum
520 1030 747 1078 oporteret,
773 1023 817 1060 in
844 1022 984 1058 literas
1005 1020 1190 1070 publicas

40 1084 267 1131 referrent,
294 1084 402 1135 qnod
424 1089 578 1135 gestum
598 1086 713 1118 esset.

154 1150 235 1204 qui
252 1150 441 1189 tametsi
466 1145 768 1188 Februarium
786 1139 1009 1193 mensem]
1033 1141 1108 1180 Hic
1128 1149 1189 1179 est

40 1207 212 1254 mensis,
249 1221 329 1258 quo
357 1207 546 1257 frequens
572 1209 734 1241 senatus
762 1199 976 1253 postulatis
1014 1198 1187 1249 provin-

39 1263 196 1301 ciarum
215 1269 256 1301 et
283 1263 554 1315 legationibus
575 1258 789 1297 audiendis
807 1256 942 1293 datur.

151 1337 197 1367 ec
229 1327 474 1367 consulum
510 1323 1075 1380 designatorum.nomen
1103 1330 1189 1357 ex-

39 1382 275 1439 spectant]
305 1385 357 1423 Et
387 1383 702 1423 extimescunt
720 1381 883 1432 legitur.
939 1376 1045 1415 Nam
1071 1382 1188 1413 utro-

39 1455 119 1491 que
146 1442 271 1478 verbo
297 1440 406 1479 idem
433 1440 698 1492 significatur.
755 1433 965 1474 Hortensii
990 1438 1126 1470 autem
1146 1437 1187 1469 et

39 1496 196 1535 Metelli
212 1497 357 1548 opibus
377 1497 478 1534 dimt
506 1497 654 1546 legatos
676 1492 853 1531 Milesios
881 1502 997 1541 posse
1016 1487 1188 1535 terreri3

39 1565 93 1591 ne
110 1552 162 1590 de
180 1565 429 1604 myoparone
447 1552 605 1599 dicant,
643 1547 882 1602 praesertim
900 1558 1026 1596 quum
1046 1543 1096 1581 ad
1114 1544 1189 1580 be-

39 1607 187 1646 neficia
215 1609 388 1660 petenda
414 1607 581 1645 venturi
607 1606 690 1644 sint
710 1601 931 1643 Februario
961 1611 1118 1645 mense,
1148 1604 1190 1635 et

36 1663 84 1702 in
102 1677 227 1702 manu
244 1664 299 1702 sit
316 1665 529 1702 consulum
541 1693 552 1712 ,
574 1661 736 1714 quando
749 1689 759 1707 ,
787 1666 828 1696 et
846 1655 1187 1709 quemadmodum

37 1719 221 1758 referant
243 1720 295 1758 ad
324 1719 541 1767 Senatum,
587 1725 629 1755 et
666 1719 767 1755 bene
794 1726 944 1752 nomen
972 1710 1187 1749 consulum

39 1774 168 1822 dixit,
192 1773 238 1813 ut
258 1775 480 1827 potentiam
503 1776 803 1812 demonstraret
821 1781 985 1814 eorum,
1011 1777 1186 1817 quorum

39 1830 162 1868 etiam
191 1845 341 1869 nomen
369 1831 631 1869 formidinem
649 1827 783 1865 efficit.

149 1895 382 1951 religione
410 1893 635 1947 adducti]
665 1895 760 1945 quia
786 1890 912 1929 iurati
937 1894 1060 1926 testes
1087 1900 1187 1939 pro-

41 1950 137 1990 duci
163 1940 316 2009 soient,
352 1967 435 1991 non
459 1953 614 2000 solum,
644 1964 695 1989 ne
728 1948 831 1987 salsa
856 1946 1014 1993 dicant,
1042 1956 1187 1982 verum

41 2007 164 2046 etiam
175 2037 185 2056 ,
214 2022 288 2058 ne,
305 2022 409 2061 quae
428 2022 526 2047 vera
543 2014 658 2055 sunt,
683 2008 856 2043 taceant.

153 2068 308 2127 legum
338 2071 704 2114 domesticarum
734 2065 876 2120 metu]
908 2067 1064 2119 patriae
1094 2077 1189 2102 suae

42 2130 199 2181 legum,
249 2131 394 2181 quibus
432 2137 633 2185 coguntur
663 2129 711 2169 de
740 2122 1008 2165 incommodis
1036 2121 1192 2174 patriae

42 2198 127 2224 uon
160 2192 300 2224 tacere.
