1431 2481
182 150 252 190 354
493 147 551 183 IN
577 147 786 184 VERREM
838 151 954 187 ACT.
983 153 1032 187 11.

185 238 310 280 Num
340 246 469 295 potes
496 238 583 281 hoc
611 255 803 298 negare,
842 243 1038 300 Vera-es,
1073 245 1122 288 in
1147 244 1250 290 foro
1276 246 1362 290 Li-

184 294 360 350 lybaei,
397 295 600 338 maximo
631 308 883 355 conventu,
923 300 972 341 C.
994 303 1267 357 Servilium,
1298 303 1362 347 Qi-

185 364 287 391 veni
320 350 583 393 Romanum
609 352 657 394 in
683 364 908 397 conventu
938 357 1262 401 Panormitano
1289 375 1364 401 vc-

190 413 336 447 terem
364 408 720 462 negotiatorem,
758 412 813 452 ad
838 413 1061 468 tribunal,
1092 422 1195 456 ante
1229 417 1364 472 pedes

189 469 309 517 tuos,
340 462 396 503 ad
419 462 586 505 terram
608 466 742 523 virgis
763 475 807 509 et
826 469 1085 511 verberibus
1104 467 1365 515 abiectum?

191 518 325 561 Ande
352 518 439 560 hoc
471 521 673 574 primum
699 538 891 579 negare,
929 525 966 567 si
994 535 1136 581 potes.
1209 527 1363 572 Nemo

192 573 404 631 Lilybaei
433 574 543 632 fuit,
582 578 689 632 quin
723 579 907 635 viderit3
945 596 1080 625 nemo
1109 583 1158 625 in
1186 583 1366 643 Sicilia,

193 632 306 686 quin
333 630 539 674 audierit.
601 634 744 691 Plagis
773 636 1029 679 confectum
1051 638 1152 682 dico
1182 655 1206 688 a
1235 640 1367 684 licto-

190 687 318 729 ribus
346 687 434 728 tuis
475 688 618 730 civem
654 691 909 735 Romanum
947 700 1050 735 ante
1079 696 1233 739 oculos
1262 705 1367 740 tuos

191 743 452 785 concidisse.
481 745 545 785 At
564 761 698 801 quam
714 744 1028 791 obcausam?1
1053 751 1115 794 dii
1131 753 1368 796 immorta-

189 794 278 842 les!
328 800 505 841 tametsi
542 801 757 844 iniuriam
789 803 905 845 facio
935 809 1168 850 communi
1206 824 1368 854 causae

191 863 239 898 et
266 856 356 897 iuri
384 856 589 898 civitatis.
663 859 805 909 Quasi
835 861 955 903 enim
986 864 1126 919 possit
1152 879 1245 907 esse
1273 866 1368 910 ulla

193 927 352 967 causa,
390 926 473 953 cur
497 913 584 954 hoc
617 915 825 971 cuiquam
846 918 929 959 civi
950 919 1159 963 Romano
1177 922 1277 965 iure
1296 938 1370 966 ac-

193 969 338 1022 cidat,
380 968 442 1010 ita
470 984 661 1026 quaero,
705 973 884 1028 quaein
905 974 1098 1018 Servilio
1118 992 1249 1020 causa
1268 978 1368 1022 fue-

192 1024 269 1067 rit.
327 1025 553 1081 Ignoscite
580 1026 628 1068 in
663 1027 746 1070 hoc
774 1044 890 1085 uno,
926 1031 1110 1074 iudices.
1167 1034 1219 1076 In
1249 1044 1369 1078 cete-

193 1080 256 1123 ris
290 1084 411 1123 enim
438 1097 531 1123 non
556 1098 833 1142 magnopere
859 1102 1012 1130 causas
1038 1090 1281 1146 requiram.
1309 1113 1367 1124 -·

193 1137 401 1179 Locutus
428 1146 525 1179 erat
544 1139 732 1183 liberius
755 1142 808 1184 de
837 1143 963 1184 istius
989 1147 1282 1203 improbitate
1301 1157 1367 1191 at-

193 1209 281 1250 que
308 1194 522 1251 nequitia.
579 1195 714 1247 Quod
741 1198 813 1240 isti
841 1199 1029 1243 simulac
1057 1202 1369 1248 renuntiatuln

194 1259 284 1292 est:
330 1249 565 1294 hominem
600 1253 724 1295 iubet
753 1255 1028 1312 Lilybaeum
1057 1258 1369 1304 vadimonium

194 1306 400 1348 Venerio
434 1323 562 1350 servo
594 1313 876 1366 promittere.
934 1313 1180 1357 Promittit.
1235 1316 1371 1375 Lily-

194 1361 359 1404 baeum
388 1364 580 1407 venitur.
666 1367 841 1424 Cogere
870 1384 976 1412 eum
1005 1371 1179 1429 coepit,
1224 1387 1369 1429 quum
1429 1382 1431 1388 ⁴

196 1428 349 1474 ageret
377 1436 537 1476 neme,
576 1439 711 1465 nemo
742 1425 1016 1482 postularet,
1054 1432 1161 1469 HJ&
1190 1427 1368 1472 duobus

195 1475 396 1517 millibus
424 1480 713 1533 sponsionem
743 1480 892 1523 facere
930 1497 1032 1524 cum
1069 1484 1232 1526 lictore
1262 1500 1370 1542 suo,

196 1543 259 1573 NI
290 1544 508 1574 FURTIS
539 1547 849 1584 QUAESTUM
879 1549 1163 1581 FACERET.
1219 1540 1371 1583 Recu-
1429 1529 1431 1551 ³

195 1595 429 1643 peratores
454 1589 508 1630 de
538 1592 723 1633 cohorte
752 1607 831 1634 sua
854 1594 962 1635 dicit
982 1595 1208 1638 daturum.
1265 1597 1373 1638 Ser-

194 1643 328 1685 vilius
359 1652 404 1686 et
431 1660 638 1688 recusare
670 1656 715 1690 et
741 1648 998 1704 deprecari,
1033 1666 1090 1693 ne
1117 1652 1283 1709 iniquis
1300 1653 1373 1695 iu-

194 1698 393 1757 dicibus,
430 1702 558 1744 nullo
587 1704 868 1761 adversario,
901 1706 1123 1749 iudicium
1143 1709 1302 1766 capitis
1319 1709 1371 1752 in

194 1770 240 1796 se
270 1758 635 1801 constitueretur.
692 1761 819 1803 Haec
839 1777 979 1817 quum
997 1764 1197 1806 maxime
1217 1765 1372 1821 loque-

191 1819 348 1867 retur,
399 1829 478 1855 sex
507 1814 688 1858 lictores
718 1832 823 1858 eum
852 1820 1193 1863 c1rcums1'stunt
1217 1822 1371 1863 valen·
1428 1849 1431 1876 3

191 1867 378 1925 tissimi,
431 1878 476 1911 et
504 1871 559 1912 ad
589 1873 832 1928 pulsandos
865 1875 1254 1934 verberandosque
1284 1876 1368 1918 ho-
1429 1898 1431 1921 ε

190 1924 334 1967 m'mes
356 1923 743 1986 exercitatissimi}
759 1930 954 1973 caedunt
972 1933 1193 1976 acerrime
1203 1933 1339 1991 virgis
1351 1947 1374 1990 3.
1428 1950 1431 1955 ⁴

231 2130 270 2177 ι)
301 2132 394 2165 Ροιὶ.
412 2133 501 2176 Reg.
523 2147 587 2171 av.
610 2136 754 2171 Graev.
778 2136 827 2172 ad
849 2150 957 2184 quam
979 2137 1026 2172 ob
1050 2149 1211 2178 caueam.
1257 2137 1362 2173 Inde

184 2177 376 2211 Graevius
402 2182 479 2215 levi
503 2184 651 2217 voluit.-
695 2182 743 2216 At
783 2196 892 2230 quam
919 2184 966 2219 ob
998 2196 1161 2220 causam.
1218 2184 1274 2220 Ει
1307 2191 1367 2220 sic
1427 2197 1431 2238 j

178 2221 304 2259 edidit
329 2207 465 2266 Lamff.
513 2229 640 2277 Vulgo
663 2228 711 2263 ob
733 2240 845 2276 quam
867 2229 1049 2273 caussam?>

539 2325 546 2341 t
