1431 2481
173 152 244 196 360
514 150 572 186 m
598 149 807 184 VERREM
845 150 956 189 Acr.
980 149 1032 186 11.
1057 117 1066 136 ⁸

142 258 159 262 ·’
176 257 258 286 um
277 251 434 299 putem
448 276 461 298 ,
498 258 639 300 quum
660 251 702 284 te
724 243 1012 301 implicatum
1033 244 1267 287 severitate
1287 246 1356 287 iu-

177 300 356 355 dicum,
413 300 771 342 circumretitum
803 299 872 342 fre
906 300 1058 342 uentia
1086 301 1244 358 populi
1266 301 1358 343 Ro-

178 355 304 407 manj
341 370 435 398 esse
463 355 640 398 videam
663 350 688 396 ’ἶ
730 356 777 398 Si
806 371 878 398 me
915 357 1086 399 ercules
1134 355 1208 416 (id
1235 357 1356 416 quod

178 412 280 467 fieri
307 426 400 455 non
430 427 560 469 posse
582 409 815 471 intelligo)
855 427 911 454 ex
934 414 1001 455 his
1026 414 1194 470 laqueis
1213 422 1258 457 te
1281 428 1358 455 ex-

176 468 324 523 ueris,
372 484 424 510 ac
457 477 498 510 te
531 468 681 526 aliqua
720 469 790 510 via
820 484 870 511 ac
905 470 1115 512 ratioue¹
1161 469 1360 528 explica·
1384 521 1394 526 ζ
1428 519 1431 523 Α

178 525 265 570 ris:
312 525 361 566 in
386 525 486 567 illas
524 524 608 566 tibi
649 525 845 568 maiores
881 525 1034 582 plagas
1066 526 1359 569 incidendum
1429 539 1431 549 ⁴

179 589 272 637 est,
311 581 358 623 in
388 581 549 638 quibus
579 589 623 623 te
651 581 706 623 ab
735 581 894 624 eodem
915 596 1013 638 me,
1049 583 1282 640 superiore
1301 580 1361 625 ex

177 637 327 693 locos*
356 638 517 680 confici
539 645 581 679 et
603 638 779 680 concidi
801 653 978 681 necesse
999 646 1077 681 est,
1136 640 1220 681 Cui
1241 639 1277 681 si
1297 647 1361 681 et·

176 692 272 740 iam
301 694 371 750 id,
410 693 530 759 quod
558 693 785 750 defendit,
822 695 957 737 velim
984 695 1255 738 concedere:
1294 704 1359 738 ta-

175 764 286 794 men
313 750 392 793 illa
418 766 516 808 ipsa
548 749 749 792 defensio
776 766 870 793 non
898 752 1049 793 minus
1078 767 1171 795 esse
1199 753 1240 795 ei
1259 767 1364 811 per-

176 807 376 864 niciosa,
418 807 677 864 quam'mea
701 822 809 850 vera
827 808 1053 850 accusatio
1073 808 1248 852 debeat.

295 919 424 962 LIX.
470 919 593 972 Quid
619 919 741 961 enim
769 915 1007 963 defendit?
1048 936 1106 963 ex
1136 918 1361 978 Hispania

175 975 403 1033 fugientes
431 992 476 1018 se
507 976 737 1032 excepisse
763 984 808 1018 et
833 977 1055 1034 supplicio
1075 978 1274 1020 affecisse
1295 979 1362 1021 di-

175 1033 251 1076 cit.
339 1032 454 1090 Quis
487 1032 572 1074 tibi
598 1033 645 1074 id
677 1030 918 1089 permisit?
962 1049 1048 1087 ¹uo
1084 1033 1130 1077 id
1168 1034 1269 1077 iure
1293 1033 1362 1077 fe-

175 1084 315 1131 cisti?
363 1091 462 1146 quis
489 1089 612 1131 idem
641 1085 784 1132 fecit?
834 1090 911 1147 qui
938 1050 1022 1132 tilbi
1057 1090 1280 1135 idfacere
1307 1091 1362 1134 li-

176 1141 308 1188 cuit?
345 1145 515 1188 Forum
542 1145 731 1204 plenum
761 1155 806 1189 et
832 1147 1037 1189 basilicas
1064 1149 1258 1192 istorum
1276 1148 1361 1189 ho-

173 1203 356 1245 minum
387 1203 626 1259 videmus,
689 1210 734 1244 et
771 1203 924 1245 animo
961 1218 1110 1260 aequo>
1143 1202 1360 1246 videmus.

174 1258 333 1300 Civilis
373 1259 493 1301 enim
537 1259 850 1316 dissensionis,
914 1268 959 1302 et
991 1260 1082 1302 sive
1113 1260 1360 1316 amentiae,
1390 1288 1398 1295 »

173 1315 266 1359 sive
292 1315 398 1370 fati,
437 1331 515 1358 seu
546 1316 839 1373 calamitatis,
887 1332 981 1358 non
1008 1325 1075 1358 est
1105 1317 1188 1359 iste
1216 1317 1360 1358 mole-

172 1380 268 1413 stus
298 1373 471 1427 exitus,
513 1374 560 1415 in
588 1388 676 1429 quo
708 1389 797 1415 non
826 1373 1024 1430 reliquos
1053 1373 1210 1416 saltem
1241 1373 1360 1414 cives

171 1427 426 1474 incolumes
449 1430 581 1472 liceat
603 1444 869 1485 conservare
885 1435 921 1471 3.
977 1429 1147 1473 Verres
1167 1429 1260 1485 ille,
1287 1443 1362 1478 ve-

172 1491 247 1525 tus
268 1485 478 1540 proditor
506 1486 728 1539 consulis,
769 1487 1012 1528 translator
1033 1491 1362 1542 quaesturae,4

172 1553 358 1584 aversor
382 1542 601 1598 pecuniae
630 1542 861 1598 publicae,
898 1549 1077 1583 tantum
1098 1542 1184 1583 sibi
1205 1549 1361 1583 aucto-

170 1596 319 1639 ritatis
347 1597 395 1639 in
420 1613 470 1639 re
500 1597 682 1655 publica
714 1598 932 1655 suscepit,
971 1606 1046 1653 ut,
1084 1598 1248 1654 quibus
1268 1596 1360 1640 ‘ho-

169 1653 371 1696 minibus
411 1669 494 1710 per
530 1661 761 1709 senatum,
807 1669 890 1711 per
927 1655 1150 1711 populum
1191 1654 1360 1708 Roma-

171 1724 308 1763 num,
346 1725 430 1767 per
448 1725 604 1753 omnes
626 1711 913 1766 magistratus
928 1742 941 1766 ,
971 1710 1019 1752 in
1039 1710 1166 1766 foro,
1198 1710 1246 1752 in
1265 1709 1358 1752 suf*

166 1764 353 1822 fragiis,
389 1767 439 1810 in
469 1767 555 1810 hac
586 1767 724 1822 urbe,
763 1767 812 1808 in
839 1783 887 1809 re
911 1766 1093 1824 publica
1116 1768 1285 1809 versari
1303 1765 1358 1808 li«

169 1831 318 1880 neret,
346 1824 400 1866 iis
423 1823 633 1866 omnibus
653 1831 850 1867 mortem
871 1824 1083 1866 acerbam
1102 1822 1357 1865 crudelem-

214 1961 255 2009 ι)
283 1963 400 1997 Recte
421 1964 478 1997 sic
500 1963 636 1997 Lamb.
657 1975 678 1996 e
701 1964 775 1997 Ms.
810 1962 902 1997 olim
931 1962 966 1996 vi
988 1974 1031 1996 ac
1055 1960 1213 1996 ratione.

211 2021 235 2045 2
277 2014 458 2044 concione
479 2009 533 2043 ad
551 2010 735 2055 populum
763 2021 834 2054 pro
858 2010 1011 2043 Rostris
1029 2006 1227 2042 habenda.

211 2057 254 2103 3)
288 2056 348 2090 Sic
383 2055 587 2090 Ernestius
620 2059 792 2089 correxit
818 2056 1042 2100 vulgatum:
1090 2054 1128 2086 in
1164 2066 1236 2099 quo
1267 2053 1354 2089 teli-

163 2107 259 2136 'uoti
293 2121 340 2129 —
385 2101 472 2136 licet
504 2113 737 2136 conservare.
816 2101 1023 2134 Praeterea
1055 2111 1268 2141 suspectum
1298 2111 1354 2136 eet

164 2112 346 2184 {meseia
368 2147 563 2187 molestus,
612 2149 713 2182 Sane
737 2148 866 2193 aptius
890 2158 987 2181 esset
1007 2146 1173 2180 funestus
1198 2146 1327 2181 exitus.

212 2195 264 2242 4)
285 2191 440 2239 forsan
468 2193 693 2243 legendum:
747 2192 936 2241 ttaneluga
975 2203 1016 2232 et
1044 2191 1204 2228 violato:
1241 2203 1355 2242 quae·

166 2251 302 2278 nutas.
