1416 2480
248 160 392 197 LIBER
417 158 659 207 QUINTUS.
717 159 822 196 CAP.
854 171 907 208 ¹9·
933 171 996 196 2οι
1144 171 1215 209 299

38 263 156 309 tam,
194 254 325 311 eique
348 254 579 296 faciendae
608 261 862 296 senatorem
880 253 1213 296 Mamertinum

75 312 220 353 ublice
240 311 499 368 praefuisse.
527 310 716 368 Reliqua
739 318 804 352 est
822 312 1048 352 materies,
1078 310 1210 352 Hane

87 367 285 425 heginis,
325 375 376 408 ut.
402 367 486 423 ipsi
516 368 697 419 dicunt,
734 363 937 424 (tametsi
966 374 1016 408 tu
1037 381 1211 423 negare

40 439 135 466 non
164 422 340 482 potes‚)
388 423 592 479 publice,
629 423 749 480 quod
778 422 1045 465 Mamertini
1073 431 1216 464 mate-

41 481 158 522 riem
174 495 267 523 non
285 479 472 534 habent,
502 479 794 537 imperavisti.
841 479 888 519 Si
910 487 952 520 et
973 492 1031 521 ex
1052 494 1139 536 quo
1161 478 1214 520 fit

41 537 184 594 navis,
212 544 255 577 et
273 537 348 593 qui
368 535 556 585 faciunt,
580 535 769 592 imperio
788 535 870 576 tibi
891 544 984 592 tuo,
1003 550 1097 577 non
1111 550 1217 591 pre-

41 594 133 647 tio,
175 600 356 650 praesto
382 592 593 645 fuerunt,
630 591 708 633 ubi
735 591 919 634 tandem
945 593 1060 645 istuc
1088 590 1215 647 latet,

43 650 165 706 quod
182 657 232 690 tu
251 650 305 691 de
317 657 393 690 tua
406 647 714 705 pecuniadicis
731 648 986 704 impensum
999 644 1022 689 '3
1040 647 1102 689 At
1116 647 1218 690 Ma-

41 705 227 747 mertini
246 705 294 747 in
312 705 474 746 tabulis
498 705 611 746 nihil
629 704 809 746 habent.
843 704 1049 746 Primum
1069 703 1216 758 video,

42 764 246 819 potuisse
256 761 370 815 fieri,
393 769 442 802 ut
460 760 698 802 exaerario
716 760 1030 813 nihildarent3
1052 786 1102 793 —-
1125 769 1217 802 ete-

40 819 139 860 nim
160 817 231 859 vel
241 816 534 873 Capitolium,
553 817 667 858 sicut
687 817 808 873 apud
825 816 1018 858 maiores
1038 824 1219 858 nostros

41 873 217 916 factum
247 881 338 928 est,
389 873 594 930 publice,
641 872 806 914 coactis
835 872 998 928 fabris,
1045 874 1218 930 operis-

44 945 132 987 que
161 929 420 986 imperatis,
460 929 597 986 gratis
624 928 909 971 exaedificari
938 937 1071 985 atque
1098 928 1220 970 effici

45 986 221 1043 potuit,
246 1011 304 1018 —
331 985 494 1028 deinde
514 986 561 1027 id
579 1000 756 1041 quoque
814 985 1038 1042 erspicio1
1071 982 1218 1044 (quod

48 1050 95 1084 et
116 1043 367 1098 ostendam,
388 1057 528 1099 quum
551 1042 658 1084 istos
678 1000 982 1100 produxero)
1009 1041 1220 1098 ipsorum

48 1113 108 1140 ex
135 1098 301 1152 literis,
345 1099 510 1139 multas
579 1097 756 1139 ecunias
784 1097 858 1138 isti
896 1106 1125 1154 erogatas,
1167 1097 1218 1138 in

47 1169 244 1211 operum
267 1154 513 1195 locationes
530 1113 661 1195 {glsas
680 1160 812 1209 atque
831 1153 986 1195 inanes
1005 1169 1098 1195 esse
1151 1168 1222 1194 er-

46 1211 252 1267 scriptas.
308 1210 430 1251 Nam
450 1209 591 1251 illud2
614 1210 801 1251 minime
822 1210 992 1251 mirum
1009 1217 1090 1266 est,
1110 1220 1114 1235 ³
1175 1224 1221 1251 a·-

48 1266 292 1322 mertinos,
331 1281 357 1308 a
412 1280 471 1307 uo
498 1280 727 1307 summum
748 1265 1018 1308 beneficium
1037 1281 1224 1323 accepe-

48 1330 178 1377 rant,
208 1335 342 1379 quem
362 1323 397 1363 si
432 1322 444 1363 i
464 1323 753 1377 amiciorem,
783 1336 919 1378 quam
934 1322 1112 1386 populo
1128 1322 1224 1365 Ro·-

47 1393 186 1422 mano
218 1393 311 1420 esse
330 1386 659 1433 cognoverant,
698 1378 790 1418 eius
811 1379 943 1434 capitl
972 1378 1113 1420 literis
1133 1380 1225 1420 suis
1259 1393 1262 1404 1

48 1434 319 1493 pepercisse.
388 1434 479 1475 Sed
508 1434 544 1476 si
565 1441 832 1491 argumento
865 1442 954 1488 est,
985 1435 1224 1477 Mamerti-

49 1506 134 1533 nos
161 1490 376 1547 pecunias
402 1490 483 1532 tibi
512 1506 606 1532 non
634 1489 829 1546 dedisse,
868 1491 973 1546 quia
1000 1491 1223 1548 scriptum

49 1562 146 1590 non
173 1546 364 1589 habent:
412 1546 469 1588 sit
497 1553 791 1602 argumento,
840 1546 923 1587 tibi
947 1549 1086 1603 gratis
1118 1563 1226 1589 con-

51 1605 170 1645 stare
186 1618 364 1658 navem,
393 1603 511 1660 quia,
542 1603 648 1658 quid
668 1602 846 1658 emeris,
875 1610 953 1645 aut
975 1604 1082 1660 quid
1102 1604 1225 1645 loca-

49 1659 193 1714 reris,
222 1659 445 1716 scriptum
463 1661 670 1716 proferre
691 1674 785 1700 non
805 1666 945 1715 potes.

167 1769 303 1813 XIX.
340 1771 404 1812 At
422 1770 544 1812 enim
565 1770 728 1812 iccirco
756 1784 918 1812 navem
939 1771 1229 1816 Mamertinis

53 1837 147 1870 non
170 1827 428 1884 imperasti,
465 1827 583 1882 quod
612 1834 716 1867 sunt
742 1826 975 1868 foederati.
1041 1829 1119 1869 Dii
1149 1845 1227 1886 ap-

52 1883 264 1940 probent.
319 1882 553 1925 Habemus
573 1882 806 1924 hominem
821 1882 869 1924 in
887 1882 1112 1926 fetialium
1131 1901 1227 1928 ma-

107 2053 146 2100 ¹)
172 2055 238 2088 lca
268 2054 354 2089 cod.
384 2055 518 2089 Lamb.
552 2057 708 2090 Hotom.
738 2065 774 2089 et
806 2057 982 2094 Iannoct.
1010 2055 1114 2104 quod
1145 2069 1229 2091 cum

55 2098 269 2153 antbino,
301 2102 405 2136 Oltv.
428 2102 518 2136 Lall
552 2102 725 2146 praetuli
756 2103 916 2146 vulgato
947 2100 984 2134 id
1014 2101 1113 2149 quod
1145 2116 1229 2151 per·

57 2156 191 2192 apicio.
239 2150 382 2185 Annus
405 2150 504 2181 enim
526 2158 583 2181 esc
614 2147 860 2181 antecedenti
878 2148 1036 2195 primum
1070 2147 1193 2188 viden,

102 2195 139 2231 2)
164 2191 299 2242 fiamb.
327 2205 346 2226 e
365 2193 479 2228 codd.
506 2204 541 2228 et
565 2195 708 2231 Graev,
733 2206 753 2226 e
775 2192 861 2237 cod,
892 2194 983 2241 Reg.
1012 2193 1230 2235 ediderunt,

55 2237 135 2272 lam
163 2236 274 2272 illud.
