1431 2481
198 139 263 177 158
516 131 575 169 IN
598 131 803 168 VERREM
849 133 962 169 AC'r,
987 131 1043 167 114
1069 130 1074 147 ·'

198 225 460 288 pecuniam,
491 235 662 269 tantam
691 225 866 282 licebit,
897 240 979 283 per
1004 225 1143 270 cellae
1169 238 1360 285 nomen,

196 284 517 327 aestimationis
535 282 843 339 magnitudine
861 290 1173 339 consequatur.

313 393 484 438 XCVI.
514 395 577 437 At
603 395 723 437 enim
751 403 815 437 est
841 395 1077 452 quiddam,-
1109 396 1260 454 ¹quod,
1295 405 1361 440 et»

195 452 324 496 iamsi
353 452 502 509 palam
528 453 576 493 in
603 451 883 493 defendendo
912 467 1004 494 non
1032 452 1141 494 dicit
1159 454 1361 496 Horten-

198 509 313 565 sius,
358 517 511 550 tamen
542 508 604 549 ita
632 507 763 561 dicit,
807 515 859 549 ut
886 521 962 550 vos
988 508 1035 549 id
1067 509 1286 567 suspicari
1313 516 1359 551 et

198 566 397 620 cogitare
423 564 624 622 possitis:
687 564 914 618 pertinere
949 563 1037 606 hoc
1074 566 1129 607 ad
1158 580 1361 608 commo-

196 622 307 664 dum
333 620 632 676 senatorium3
673 620 900 675 pertinere
924 620 980 661 ad
1013 622 1254 664 utilitatem
1285 636 1360 664 eo-

195 692 326 731 rum,
364 677 440 733 qui
466 676 691 732 iudicent,
726 676 801 732 qui
820 675 867 717 in
885 677 1127 732 provinciis
1151 691 1256 719 eum
1276 692 1358 734 po-

192 741 375 788 testate,
414 740 491 774 aut
517 747 621 773 cum
646 732 870 788 legatione
896 746 942 773 se
961 731 1138 775 futuros
1154 733 1357 789 aliquan-

196 790 255 831 do
286 789 575 831 arbitrentur.
630 787 891 830 Praeclaros
915 801 1022 830 vero
1042 789 1270 832 existimas
1286 789 1357 832 iu-

193 845 318 887 dices
354 859 435 887 nos
461 843 651 898 habere,
698 859 806 901 quos
832 844 987 885 alienis
1022 845 1359 901 peccatiscon-

195 916 397 944 cessuros
424 908 576 957 putes,
624 916 711 957 quo
738 899 912 941 facilius
945 901 959 942 i
995 916 1064 942 sos
1088 905 1277 956 peccare
1302 901 1357 942 li-

188 965 306 1008 ceat.
380 957 504 1013 Ergo
528 956 575 998 id
603 958 811 998 volumus
834 971 955 1013 popu
979 971 1056 998 um
1081 957 1363 1013 Romanum,-

193 1013 242 1057 id
277 1013 552 1069 provincias,
596 1013 645 1055 id
681 1013 822 1054 socios
856 1012 1146 1069 nationesque
1178 1019 1355 1054 exteras

184 1070 479 1125 existimare,
523 1070 559 1111 si
591 1077 816 1111 senatores
849 1068 1073 1124 iudicent,
1119 1068 1205 1110 hoc
1227 1077 1356 1110 certe

191 1140 337 1167 unum
366 1140 505 1181 genus
539 1125 738 1167 infinitae
763 1125 979 1180 pecuniae
1013 1140 1096 1181 per
1129 1138 1354 1166 summam

192 1180 405 1223 iniuriam
442 1182 667 1238 cogendae
706 1181 832 1223 nullo
869 1181 1006 1223 modo
1035 1193 1164 1236 posse
1199 1193 1355 1236 repre-

192 1232 366 1279 hendi?
402 1237 537 1288 Quod
560 1237 596 1279 si
625 1238 689 1278 ita
711 1244 800 1292 est,
840 1237 947 1293 quid
978 1248 1215 1300 possumus
1246 1250 1354 1276 con·-

191 1300 263 1335 tra
287 1293 419 1334 illum
435 1302 693 1349 praetorem
711 1292 881 1345 dicere,
920 1305 994 1348 qui
1020 1290 1222 1347 quotidie
1235 1299 1352 1332 tem-

167 1350 319 1407 {dum
346 1357 516 1405 tenet‚¹
597 1348 642 1390 ui
667 1363 767 1390 rein
793 1347 1020 1402 publicam
1046 1347 1200 1388 sistere
1220 1357 1235 1377 ²
1273 1361 1352 1389 ne·
1411 1394 1422 1403 ι

222 1413 267 1447 at
282 1421 412 1461 posse
424 1436 436 1459 ‚
463 1405 511 1446 ni
530 1364 592 1446 adl
604 1411 856 1460 equestrem
875 1403 1080 1445 ordinem
1095 1402 1260 1444 iudicia
1279 1417 1352 1444 re-

185 1421 427 1505 ferantur?
466 1460 601 1516 Quod
622 1462 657 1502 si
683 1460 758 1501 ille
781 1460 867 1501 hoc
889 1475 1031 1501 unum
1052 1458 1222 1514 agitare
1249 1473 1351 1501 coe-

185 1518 328 1575 perit,
369 1532 462 1559 esse
492 1516 672 1573 aliquod
697 1531 837 1572 genus
865 1515 1088 1570 cogendae
1116 1515 1350 1571 pecuniae,

182 1581 446 1616 senatorum
481 1587 744 1627 commune,
788 1581 833 1613 et
868 1572 958 1613 iam
993 1585 1135 1635 prope
1169 1585 1351 1613 conces-

186 1644 287 1672 sum
316 1629 488 1684 ordini,
525 1644 612 1685 quo
638 1643 801 1684 genere
821 1628 875 1669 ab
904 1628 1034 1669 soci1s
1052 1627 1250 1668 maxima
1268 1640 1349 1682 pe-

185 1687 317 1728 cunia
345 1700 427 1743 per
451 1699 674 1729 summam
699 1684 911 1728 iniuriam
940 1683 1192 1727 auferatur:
1209 1691 1224 1722 3
1268 1696 1350 1724 ne-

234 1894 272 1942 1)
300 1896 354 1929 M.
379 1896 578 1930 Aurelium
602 1894 753 1931 Cottam
777 1890 995 1940 significat,
1031 1896 1094 1939 qui
1112 1881 1291 1939 *quotidie
1309 1887 1345 1927 ΙΙ.

186 1955 218 1976 e.
251 1954 362 1988 saepe
389 1953 458 1986 pro
498 1947 630 1975 rostris
663 1947 863 1981 conciones
893 1937 1074 1976 hahebat,
1121 1937 1252 1985 quibus
1277 1948 1347 1982 po-

180 1989 272 2033 pulo
304 1987 536 2033 persuadere
564 1984 765 2024 studebat,
810 1995 851 2018 uc
880 1984 1025 2019 iudicia
1056 1983 1110 2017 ad
1139 1992 1345 2030 equestrem

185 2032 429 2067 ordinem‘ah
449 2036 587 2066 senatu
607 2029 917 2077 tran-{ferrentur-

226 2104 270 2149 2)
290 2101 487 2137 subsistere
512 2103 549 2136 C.
571 2101 698 2145 Sta-ph.
720 2100 854 2134 Lamh.
871 2100 1022 2134 Gruter.
1044 2111 1064 2131 e
1085 2095 1174 2133 cod.
1193 2080 1335 2147 Nurbzss?

197 2160 538 2212 '3)'aver‘ratfir'C'.
571 2168 695 2215 Ste'pAE.
727 2170 835 2204 (ἴα-ιιι.
873 2169 1013 2202 Grac-r.
1049 2164 1180 2202 ff'co'dz
1211 2166 1342 2210 Nann.
1392 2170 1396 2175 “

187 2219 363 2252 Gracc-ro*
377 2224 499 2264 magis
515 2216 699 2263 placebat
718 2224 911 2249 avertatur.
