1431 2481
211 165 280 206 524
568 162 624 198 m
649 163 859 200 VERREM
903 164 1020 200 Acr.
1045 165 1098 202 11.-

212 254 350 310 bantg
386 270 534 312 neque
560 254 609 296 hi
637 262 791 298 tamen
821 265 914 298 tam
933 256 1217 314 praedonum
1247 257 1393 315 fugie-

213 311 322 353 bant
348 312 569 369 impetum
585 343 597 367 ,
633 327 769 367 quam
795 313 1119 370 imperatorem
1143 315 1390 371 sequeban-

213 373 305 408 tur.
364 368 488 410 Tum
515 376 567 410 ut
595 368 783 424 quisque
808 369 858 411 in
883 369 992 425 fuga
1018 378 1299 427 postremum,
1328 370 1389 413 ita

201 423 419 479 periculo
438 425 650 481 princeps
667 432 786 477 erat3
804 434 1079 482 postremam
1093 426 1216 469 enim
1234 441 1390 483 quam·

193 495 299 536 *que
316 495 481 522 navem
504 480 677 537 piratae
704 481 902 537 primam
930 482 1263 524 adoriebantur.
1320 483 1391 526 Ita

191 536 360 594 -prima
379 537 744 580 Haluntinorum
765 538 891 579 navis
917 539 1120 593 capitur,
1157 539 1231 580 cui
1257 554 1389 596 prac-

210 600 309 635 erat
335 592 642 648 Haluntinus,
689 593 829 635 homo
858 594 1045 651 nobilis,
1098 594 1390 652 Philarchus3

191 663 347 706 ¹quem
362 648 519 690 abillis
538 648 841 706 praedonibus
861 651 1112 693 Locrenses
1131 659 1286 709 postea
1307 667 1391 709 pu-

209 705 330 748 blice
358 706 677 747 redemerunt:
717 721 775 747 ex
804 721 893 761 quo
923 721 1001 748 vos
1026 709 1179 764 priore
1207 708 1387 750 actione

190 761 358 804 -iurnto
377 776 477 803 rem
496 776 679 803 omnem
701 777 970 819 causamque
997 765 1236 820 cognostis.
1293 765 1388 806 De-

200 818 314 861 inde
331 818 670 875 Apolloniensis
689 819 813 859 navis
834 819 1035 876 capitur,
1073 827 1119 862 et
1137 820 1235 863 eius
1252 835 1386 879 prae-

205 873 352 917 fectus
377 873 699 932 Anthropinus
725 875 961 917 occiditur.

320 987 532 1031 XXXV.
597 987 726 1029 Haec
764 988 876 1030 dum
911 996 1143 1045 aguntur,
1207 988 1382 1034 interea

189 1045 476 1088 'Cleomenes
499 1044 593 1086 iam
619 1044 676 1085 ad
696 1043 828 1086 Elori
844 1043 950 1087 litus
969 1054 1259 1102 pervenerat:
1288 1047 1380 1089 iam

187 1115 299 1144 *sese
324 1102 372 1142 in
400 1108 569 1142 terram
596 1116 620 1143 e
638 1102 743 1143 navi
771 1102 987 1157 eiecerat,
1024 1102 1383 1158 quadriremem«.

184 1171 293 1215 ··que
315 1158 365 1200 in
388 1158 483 1200 salo
519 1157 819 1200 fluctuantem
852 1157 1112 1215 reliquerat.
1195 1158 1381 1215 Reliqui

182 1213 424 1273 “praefecti
450 1213 660 1268 navium,
698 1228 838 1270 quum
864 1213 914 1256 in
938 1223 1110 1257 terram
1127 1214 1380 1271 imperator

187 1271 392 1321 exisset,
438 1285 580 1326 quum
606 1270 695 1326 ipsi
731 1285 877 1326 neque
901 1285 1184 1327 repugnare,
1228 1284 1379 1329 neque
1430 1292 1431 1318 1

201 1327 321 1370 mari
344 1327 542 1384 effugere
570 1326 666 1368 ullo
684 1327 823 1368 modo
849 1334 1059 1383 possent,
1095 1325 1299 1384 appulsis
1318 1327 1378 1371 ad
1430 1331 1431 1339 ¹

195 1384 394 1426 Elorum
420 1383 633 1436 navibus,
681 1383 976 1425 Cleomenem
1007 1383 1233 1440 persecuti
1256 1390 1377 1426 sunt.

198 1439 332 1482 Tunc
347 1439 634 1497 praedonum
649 1439 745 1481 dux
762 1439 1004 1495 Heracleo,
1022 1447 1227 1495 repente,
1245 1454 1378 1496 prae·

196 1503 270 1538 ter
297 1510 450 1552 spem,
487 1511 583 1538 non
604 1510 682 1537 sua
700 1495 893 1551 virtute,
932 1495 1011 1537 sed
1038 1495 1166 1536 istius
1185 1495 1375 1538 avaritia

195 1552 485 1608 nequitiaque
513 1551 682 1606 victor,
712 1550 897 1592 classem
916 1549 1274 1608 pulcherrimam
1291 1567 1375 1609 po-

172 1608 293 1665 *pulj
319 1603 542 1662 Romani,
601 1607 652 1649 in
678 1607 785 1648 litus
819 1606 1056 1663 expulsam
1087 1614 1133 1649 et
1159 1606 1374 1664 eiectam5

174 1679 337 1721 *quum
362 1663 567 1728 primum
604 1663 1016 1719 advesperasceret,
1040 1671 1053 1697 ¹
1095 1662 1374 1708 inflammari

192 1720 464 1777 incendique
486 1721 629 1762 iussit.
687 1719 730 1762 O
760 1727 940 1776 tempus
958 1719 1200 1774 miserum,
1236 1728 1370 1777 atque

193 1777 409 1819 acerbum
438 1776 700 1834 provinciae
729 1771 929 1818 Siciliae!
984 1790 1012 1817 o
1048 1790 1203 1818 casum
1235 1776 1370 1819 illum

190 1833 347 1875 multis
380 1832 704 1875 innocentibus
725 1832 1041 1874 calamitosum
1068 1839 1113 1873 at
1145 1847 1201 1874 ue
1234 1832 1369 1874 fime-

177 1885 333 1932 stum!
372 1905 399 1931 o
427 1889 554 1931 istius
578 1888 825 1945 nequitiam
851 1889 1105 1946 acturpitu
1142 1889 1150 1897 ‘
1186 1903 1260 1932 em
1277 1888 1370 1932 sin-

187 2062 404 2108 Syracusas
431 2059 646 2108 praedones
662 2060 831 2107 fugiens
867 2064 1017 2095 veniret
1027 2083 1039 2099 ,
1083 2072 1160 2095 non
1187 2063 1364 2108 potuisse

186 2107 322 2142 eadem
347 2117 459 2141 nocte
481 2117 584 2140 terra
607 2108 819 2154 Syracusas
845 2107 991 2141 venir'e.
1037 2106 1178 2152 Itaque
1201 2108 1364 2142 Elorum

182 2153 429 2189 scribendum
450 2166 548 2191 esse,
575 2152 677 2200 quod
694 2162 750 2186 esc
770 2151 952 2199 oppidum
965 2157 1007 2187 in
1030 2163 1074 2186 eo
1097 2153 1231 2193 litore.
1257 2153 1362 2201 quod

181 2210 241 2234 esc
261 2200 364 2233 inter
386 2200 598 2246 Syracusas
628 2210 663 2233 ec
683 2197 924 2244 Pachynum.

225 2246 266 2290 ι)
287 2245 605 2292 invesperasceret
636 2246 716 2279 Ms.
742 2245 874 2279 cuiae.
906 2254 943 2278 ec
963 2244 1077 2281 Leia.
