1431 2481
197 124 272 168 244
545 123 605 160 m
630 123 840 161 VERREM
861 126 977 162 Ac'r.
1001 127 1056 168 11.

201 230 261 258 ex
280 214 406 257 omni
426 214 575 271 adim,
603 216 676 259 vel
692 221 840 274 ¹terra,
869 220 941 262 vel
967 220 1109 280 mari,
1133 226 1375 282 praedam

202 272 255 314 ad
287 272 577 328 adspectum,
613 280 658 314 et
685 282 843 330 portus
866 276 1000 320 habet.
1030 293 1171 338 prope
1192 282 1240 324 in
1260 285 1383 328 aedi-

200 328 412 370 ficatione
433 329 739 386 adspectuque
760 331 883 373 urbis
902 333 1123 392 inclusos,
1142 339 1219 394 qui
1239 355 1382 396 quum

202 385 402 426 diversos
430 384 550 425 inter
568 401 613 426 se
632 386 776 428 aditus
795 386 1014 446 habeant,
1052 393 1102 440 in
1123 395 1251 438 exitu
1271 411 1383 440 con-

199 441 453 497 iunguntur
479 448 524 481 et
550 441 802 484 confluunt.
856 444 1031 488 Eorum
1058 450 1380 496 coniunctione

200 511 304 554 pars
325 497 507 553 oppidi,
537 513 651 553 quae
672 498 927 554 appellatur
946 502 1122 561 Insula,
1149 509 1267 550 mari
1290 509 1380 552 djs-

198 557 353 598 iuncta
383 561 573 609 angusto
593 585 605 609 ,
661 563 800 611 ponte
826 571 1011 601 rursum
1039 562 1303 621 adiungitur
1331 571 1383 610 et

201 610 476 652 continetur.
532 609 601 650 Ea
617 619 744 651 tanta
764 620 830 653 est
856 613 988 669 urbs,
1030 626 1082 660 ut
1101 634 1159 662 ex
1179 630 1377 677 quatuor

199 665 390 710 urbibus
426 666 640 708 maximis
677 675 883 709 constare
918 669 1121 717 dicatur:
1182 692 1377 732 quarum

179 738 291 766 una
321 730 387 763 est
415 736 491 776 ea,
531 737 666 777 quam
695 723 816 779 dixi,
853 724 1027 770 Insula:
1064 746 1178 786 quae
1199 733 1378 777 duobus

199 778 423 839 portubus
454 778 624 834 cincta,
671 779 720 820 in
749 781 983 838 utriusque
1020 795 1179 842 portus
1207 791 1377 833 ostimn

200 838 464 890 aditumque
481 835 687 890 proiecta
704 843 793 890 est,
811 837 859 878 in
878 853 962 894 qua
979 840 1140 885 domus
1162 853 1242 900 est,
1292 862 1378 889 uae

199 893 319 949 regis
349 890 566 932 Hieronis
593 891 708 948 fuit,
745 907 831 948 qua
859 905 1090 950 praetores
1119 901 1188 942 uti
1215 917 1263 943 so
1285 911 1376 947 ens.

200 950 256 994 In
277 965 329 991 e,⁴
350 954 456 990 sunt
481 947 611 989 aedes
639 964 790 997 sacrae
817 952 1101 1010 complures,
1139 957 1218 998 sed
1242 957 1376 1015 duae,

200 1021 315 1065 quae
342 1004 478 1059 longe
510 1005 670 1046 ceteris
709 1007 1006 1051 antecellunt:
1056 1011 1232 1055 Dianae
1260 1029 1377 1071 una;

200 1073 246 1106 et
272 1062 434 1116 altera,
483 1075 594 1116 quae
622 1060 710 1103 fuit
736 1071 838 1104 ante
869 1063 997 1107 istius
1027 1067 1273 1111 adventum
1301 1085 1378 1113 01·-

199 1118 455 1173 natissima,
483 1117 732 1162 lxlinorvae.
791 1119 845 1161 In
866 1119 950 1162 hac
969 1123 1116 1166 insula
1143 1133 1374 1182 extrema,

202 1184 269 1219 est
287 1174 389 1224 fons
411 1189 553 1228 aquae
567 1174 733 1228 dulcis,
772 1176 845 1216 cui
859 1193 1029 1220 nomen
1042 1180 1271 1223 Arethusa
1293 1191 1376 1238 est,

200 1229 458 1275 incredibili
473 1231 808 1285 magnitudine,
846 1233 1132 1288 plenissimus
1154 1237 1373 1292 piscium:

200 1289 278 1345 qui
305 1286 447 1327 fluctu
472 1293 592 1327 totus
621 1288 901 1343 operiretur,
938 1289 1025 1331 nisi
1043 1292 1299 1336 munilione
1319 1310 1371 1338 ac

199 1345 319 1387 mole
341 1342 547 1399 lapidum
577 1357 602 1383 a
620 1344 738 1384 mari
758 1344 1006 1386 disiunctus
1026 1356 1154 1390 esset.
1212 1350 1372 1394 Altera

195 1409 349 1442 autem
379 1406 445 1440 est
473 1399 580 1440 urbs
599 1400 860 1456 Syracusis,
898 1402 1166 1446 cui'nomen
1195 1406 1373 1449 Achra-

197 1457 302 1498 dina
319 1463 337 1484 1
371 1463 455 1496 est:
489 1455 537 1496 in
566 1471 652 1511 qua
671 1455 824 1497 forum
847 1458 1126 1514 maximum,
1155 1461 1371 1518 pulcher-

193 1514 336 1556 rimae
353 1511 569 1569 porticus,
599 1512 936 1554 ornatissimum
953 1523 1246 1573 prytaneum,
1275 1534 1372 1561 am-

192 1569 394 1627 plissima
420 1575 487 1608 est
512 1568 662 1624 curia,
699 1568 1011 1627 templumque
1036 1573 1273 1629 egregium
1295 1575 1371 1618 Ιο-

193 1626 260 1669 vis
281 1623 513 1682 Olympii:
551 1633 814 1680 ceteraeque
844 1626 966 1667 urbis
995 1637 1147 1684 partes
1168 1645 1256 1671 una
1276 1631 1370 1675 lata

192 1682 263 1724 via
297 1688 543 1738 perpetua,
604 1681 847 1736 multisque
876 1684 1142 1727 transversis
1179 1686 1370 1745 divisae,

192 1738 378 1796 privatis
395 1737 608 1779 aedificiis
629 1737 933 1779 continentur.
981 1739 1139 1782 Tertia
1158 1749 1225 1783 est
1240 1743 1368 1799 urbs,

191 1809 328 1851 quae,
366 1794 485 1850 quod
512 1793 559 1835 in
590 1809 642 1834 ea
668 1801 795 1851 parte
815 1793 1041 1837 Fortunae
1067 1795 1226 1840 fanum
1251 1801 1368 1842 anti-

191 1865 332 1907 quum
360 1850 474 1905 luit,
522 1850 684 1907 Tycha
718 1851 953 1892 nominata
981 1860 1073 1908 est,
1119 1854 1168 1896 in
1205 1870 1292 1910 qua
1319 1864 1366 1898 et

189 1908 479 1964 gymnasium
519 1905 849 1963 amplissimum
887 1915 977 1964 est,
1027 1917 1073 1951 et
1110 1911 1367 1968 complures

229 2126 270 2172 ι)
292 2127 359 2162 Ita
387 2139 471 2161 cum
501 2126 562 2161 ed.
587 2127 681 2163 Ven.
711 2126 811 2172 1483.
839 2130 998 2175 scripsit
1026 2128 1100 2164 hoc
1126 2142 1268 2165 nomen
1288 2131 1363 2166 Bea

179 2173 310 2212 citius,
350 2173 451 2220 quod
483 2173 521 2209 in
558 2173 632 2209 hoc
661 2177 811 2210 nomine
848 2177 1060 2221 aspiracio,
1101 2189 1200 2224 quae
1231 2187 1290 2213 est
1316 2180 1361 2214 in

181 2220 327 2256 Graeco
350 2232 374 2254 a
395 2220 551 2257 Latinis
571 2220 680 2256 haud
699 2222 908 2257 omittitur.
