1431 2481
221 137 301 170 22&
580 138 638 174 IN
664 139 868 182 VERREM
917 143 1029 179 ACT.
1057 145 1108 180 11.

239 243 332 270 non
358 228 650 286 intelligeret,
686 233 735 274 in
763 234 958 292 improbi
984 240 1228 294 praesentis
1252 241 1395 300 impe-

239 285 307 325 rio
335 285 551 326 maiorem
582 301 674 328 esse
701 289 813 345 vim,
852 300 984 348 quam
1003 294 1051 335 in
1075 295 1294 338 bonorum
1316 298 1392 340 ab·

238 340 740 396 sentiumpatrocinio'?
787 361 975 399 anyero
1003 364 1062 391 ex
1095 350 1182 392 hoo
1209 351 1286 394 illa
1312 362 1390 396 tua
1430 374 1431 382 ¹

238 397 473 449 singularis
484 398 1022 459 significatur-insolentia,
1042 407 1262 471 superbia,
1282 423 1389 454 con-,-

236 447 465 493 tumacia?
503 454 733 496 detrahere
750 456 954 501 videlieet
972 461 1141 518 aliquid
1157 470 1199 504 te
1222 463 1276 505 de
1295 479 1388 506 am-

235 508 455 562 plitudine
474 509 793 553 Marcellorum
820 517 996 570 putasti.
1079 518 1231 574 Itaque
1265 535 1385 562 nunc

235 563 489 605 Siculorum
508 566 716 607 Marcelli
742 583 834 609 non
855 579 956 612 sunt
983 575 1184 629 patroni:
1219 575 1385 619 Verres

233 619 281 660 in
308 633 465 661 eorum
489 621 640 662 locum
668 623 928 667 substitutus
957 637 1032 670 est.
1091 627 1239 681 Quarti
1267 632 1314 674 in
1342 640 1384 674 te

234 678 406 716 tantam
432 678 645 718 virtutem
667 693 789 731 esse,
825 688 902 722 aut
920 681 1179 740 dignitatem
1199 688 1386 730 arbitra-

234 737 304 771 tus
333 746 399 785 es,
435 740 486 773 ut
514 748 725 775 conarere
750 736 1002 780 'clientelam
1030 748 1118 783 tam
1146 743 1383 799 illustrem,

232 793 325 827 tam
355 787 610 843 splendidae
646 791 922 848 provinciae,
946 801 964 823 1
1010 798 1296 841 transducere
1326 801 1381 841 ad

233 849 300 897 te,
338 843 514 884 auferre
539 859 563 884 a
594 846 846 889 certissimis
873 851 1382 911 antiquissimisque‘pa-

232 894 411 940 tronis?
456 899 498 940 T
501 914 530 940 u
557 901 640 941 ista
676 903 863 945 stulti-tia
879 936 891 960 ,
934 908 1152 964 nequitia,
1197 910 1380 966 inertia,

230 968 323 995 non
340 954 477 999 inodo
495 957 630 997 totius
659 957 860 1013 Siciliae,
887 962 963 1003 sed
985 964 1115 1006 unius
1133 965 1380 1010 tenuissimi

231 1009 378 1051 Siculi·
405 1011 655 1054 clientelam
685 1014 801 1056 tueri
826 1025 952 1072 potes
972 1013 996 1060 ’Β
1045 1018 1148 1062 Tibi
1173 1021 1379 1063 Marcelli

228 1072 372 1106 statua
405 1068 492 1123 ‘pro
524 1069 803 1123 patibulo-in
838 1072 1019 1116 clientes
1055 1075 1378 1119 Marcellorum

229 1116 350 1162 fuit?
385 1131 435 1165 tu
457 1138 514 1165 ex
530 1124 648 1166 illius
668 1126 838 1168 honore
857 1129 903 1170 in
923 1144 996 1172 eos
1015 1131 1158 1188 ipsos,
1194 1134 1269 1188 qui
1297 1134 1379 1174 ho-

226 1192 385 1220 norem
420 1179 485 1220 illi
523 1179 794 1236 habuerant,
844 1186 1064 1241 supplicia
1091 1189 1330 1242 quaerebas
1342 1184 1377 1230 2?

229 1231 350 1285 Quid
370 1229 556 1290 postea?
596 1237 698 1292 quid
719 1239 899 1281 tandem
917 1242 1003 1282 tuis
1019 1245 1173 1284 statuis
1186 1243 1283 1284 fore
1304 1259 1374 1285 ar-

227 1284 485 1332 bitrabare?
532 1306 587 1332 an
616 1307 720 1333 ver-o
751 1293 818 1347 id,
863 1297 980 1350 quod
1012 1294 1207 1340 accidit?
1252 1299 1374 1342 Nam

225 1343 523 1402 Tyndaritani
541 1355 729 1388 statuam
750 1348 872 1391 istius
885 1383 897 1406 ,
933 1366 1065 1406 quam
1084 1353 1167 1394 sibi
1186 1363 1375 1411 propter

223 1399 489 1455 Blax·cellos,
514 1402 670 1443 altiore
690 1404 820 1445 etiam
838 1405 929 1447 basi
946 1408 1057 1463 poni
1070 1409 1272 1465 iusserat,
1298 1411 1373 1453 de-

219 1454 474 1512 turbarunt,
504 1458 688 1499 simulac
707 1474 956 1504 successum
971 1464 1043 1505 isti
1064 1464 1314 1508 audierunt.

333 1568 481 1611 XLII.
507 1569 641 1610 Dedit
661 1585 779 1612 nunc
801 1572 970 1628 igitur2
1001 1575 1078 1616 tibi
1100 1575 1281 1618 fortuna
1302 1579 1370 1620 Si·-

220 1623 426 1664 culorum
449 1625 497 1666 C.
520 1625 789 1667 Marcellum
806 1628 1025 1686 iudicem,
1053 1639 1125 1686 ut,
1169 1632 1293 1674 euius
1313 1635 1369 1676 ad

219 1686 410 1720 statuam
429 1680 595 1734 Siculi,
623 1689 666 1721 te
686 1691 905 1738 praetore,
935 1686 1246 1743 alligabantur,
1272 1690 1367 1732 eius

219 1734 429 1789 religioni
466 1744 507 1777 te
541 1737 732 1778 eundem
776 1739 974 1783 vinctum
1018 1741 1365 1800 adstrictumque

216 1789 519 1833 dederemus.³
574 1792 639 1833 Ac
656 1793 828 1850 primo,
855 1796 1047 1852 iudices,
1085 1797 1171 1840 hoc
1189 1799 1366 1856 signum

212 1893 513 1910 ——-—

262 1976 294 2020 ξ)
325 1971 406 2010 cod,
432 1974 562 2008 Lamb.
586 1975 792 2011 clientelam
825 1988 897 2012 tam
916 1979 1150 2026 splendidae,
1186 1989 1260 2014 tam
1280 1981 1359 2017 illu-

208 2024 290 2048 strxs
314 2018 537 2062 provinciae.

256 2062 296 2106 ει)
322 2063 386 2095 Ιια
404 2064 535 2103 Lamb,
559 2075 594 2099 et
614 2066 724 2101 Beck.
760 2082 779 2101 e
806 2069 891 2102 cod.
924 2069 1051 2115 Guels.
1105 2071 1228 2118 Vulgo
1255 2073 1360 2107 abest

206 2117 317 2145 nunc,

250 2159 288 2194 3)
314 2153 373 2186 Sic
395 2153 486 2194 Era,
511 2169 530 2188 e
549 2158 724 2203 legitima
747 2163 1008 2196 consecutione
1027 2170 1243 2206 temporum,
1267 2164 1356 2199 Vul-

198 2210 248 2243 go
279 2196 467 2233 dedamus.
